2000 3276
730 137 1076 179 PRAEFATIO.
1632 140 1672 179 ix

140 240 280 289 modo
305 241 446 305 plura
469 241 610 289 modo
633 241 860 305 pauciora
896 258 956 288 ex
992 241 1085 288 alio
1122 241 1388 306 exemplari
1423 241 1667 289 simillimo

141 325 369 383 excerpta
408 319 508 367 sint
547 336 695 384 quam
742 318 792 365 in
838 318 1201 384 marginalibus.
1249 318 1417 378 ‘Quod
1463 318 1669 367 lectores

140 396 279 445 facile
321 397 415 462 ipsi
455 396 840 445 animadvertere
882 402 1128 460 poterunt,
1164 414 1317 461 quum
1353 414 1443 462 ego
1485 395 1669 444 scholia

140 473 558 539 intermarginalia
597 490 838 537 nusquam
872 490 981 521 cum
1019 474 1368 539 marginalibus
1407 473 1667 538 permiscu-

141 553 272 609 erim,
310 552 440 616 quod
474 551 753 616 saepissime
796 550 974 598 fecerat
1015 552 1279 608 Bekkerus,
1323 552 1403 600 sed
1440 552 1667 600 asterisco

142 629 355 694 praefixo
379 629 561 694 ubique
586 629 945 694 segregaverim
970 628 1030 675 ab
1054 628 1163 676 illis.
1218 629 1450 677 Ceterum
1474 629 1668 677 scholiis

140 706 616 773 intermarginalibus
655 723 754 754 non
794 723 900 754 raro
946 706 1174 754 lemmata
1213 723 1301 754 sua
1335 706 1669 754 commodioris

139 802 256 833 usus
282 802 425 833 causa
444 784 743 849 praescripsi,
769 802 893 849 quae
920 784 1006 831 vix
1033 783 1132 831 ulla
1156 790 1273 831 sunt
1297 783 1348 830 in
1373 783 1534 831 codice
1557 803 1564 831 :
1609 784 1669 832 de

139 880 235 927 quo
261 862 466 911 sufficiet
497 862 576 910 hic
603 862 655 909 in
689 861 972 910 universum
1008 861 1266 918 monuisse,
1294 879 1447 925 quum
1471 861 1530 908 de
1554 860 1670 908 lem-

139 941 284 988 matis
309 940 516 988 dixerim
542 940 631 988 vol.
663 958 685 987 2
713 958 757 1004 p.
788 956 847 1000 34
854 955 893 1001 5.

206 1018 406 1066 Praeter
445 1018 562 1066 haec
603 1017 811 1082 duplicis
851 1017 1044 1083 generis
1085 1016 1270 1065 scholia
1305 1016 1469 1064 textui
1505 1033 1670 1080 super-

138 1097 319 1162 scripta
365 1103 482 1144 sunt
529 1096 820 1161 glossemata
864 1113 989 1160 quae
1047 1094 1377 1142 interlinearia
1434 1092 1669 1159 appellari

138 1174 308 1231 solent,
343 1175 534 1240 copiosa
569 1175 618 1221 in
654 1174 844 1222 duabus
879 1172 1048 1238 primis
1082 1171 1369 1236 rhapsodiis‚
1404 1171 1584 1219 rariora
1618 1172 1668 1218 in

138 1253 307 1300 ceteris
330 1259 381 1300 et
406 1269 545 1317 saepe
576 1270 662 1317 per
685 1251 883 1316 longum
910 1268 1140 1299 versuum
1175 1267 1433 1297 numerum
1470 1267 1669 1315 prorsus

138 1329 284 1378 nulla.
355 1330 488 1378 Haec
529 1330 819 1395 glossemata
854 1328 907 1376 in
941 1328 1221 1393 Appendice
1258 1327 1321 1376 ad
1356 1327 1534 1376 scholia
1561 1344 1668 1391 pro-

138 1408 278 1472 posui
301 1408 391 1456 vol.
423 1425 445 1455 2
473 1426 517 1472 p.
548 1424 822 1469 299—344‚
849 1410 904 1454 ut
936 1423 1046 1454 cum
1081 1406 1510 1470 grammaticorum
1545 1405 1670 1470 glos-

138 1486 276 1533 sariis
323 1486 592 1549 comparari
637 1486 841 1549 possint.
927 1483 1185 1531 Interdum
1232 1483 1526 1548 glossemata
1572 1501 1669 1530 non

139 1581 297 1627 supra,
322 1563 407 1610 sed
430 1562 571 1609 iuxta
603 1567 773 1609 textus
796 1560 944 1608 verba
979 1561 1029 1607 in
1064 1560 1283 1625 margine
1318 1561 1497 1625 scripta
1532 1566 1664 1617 sunt,

139 1647 197 1688 ut
230 1658 291 1688 ex
326 1657 515 1705 genere*
541 1638 829 1687 scholiorum
865 1636 1340 1702 intermarginalium
1376 1655 1476 1685 esse
1514 1637 1667 1685 videri

140 1718 328 1783 possint
350 1737 357 1766 :
396 1717 453 1765 de
478 1735 574 1781 quo
600 1715 808 1764 videnda
835 1733 960 1780 quae
986 1715 1090 1762 dixi
1114 1714 1206 1762 vol.
1232 1732 1255 1762 2
1284 1732 1332 1778 p.
1363 1732 1468 1775 297.

205 1794 357 1843 Aliud
399 1794 769 1843 annotationum
815 1792 1292 1856 intermarginalium
1326 1810 1484 1857 genus
1519 1794 1668 1857 scrip-

138 1880 277 1922 turae
301 1872 521 1922 continet
554 1872 889 1920 diversitatem
915 1888 975 1918 ex
999 1870 1224 1935 pluribus
1259 1870 1505 1918 collectam
1542 1871 1668 1918 codi-

138 1951 286 2008 cibus,
310 1951 388 1999 cui
410 1950 698 2015 plerumque
734 1949 1088 2015 praescriptum
1112 1950 1153 1994 ἐν
1178 1948 1302 2007 ἄλλῳ
1330 1947 1376 2012 (i.
1395 1965 1433 1996 e.
1459 1947 1670 2011 ἀντιγρά-

138 2034 210 2093 φῳ
250 2028 329 2076 vel
365 2027 567 2093 βιβλίῳ),
604 2027 684 2076 vel
720 2048 792 2092 γρ.
832 2027 911 2074 vel
951 2047 1025 2090 γρ.
1062 2027 1144 2083 καί,
1189 2025 1249 2073 de
1292 2042 1388 2089 quo
1436 2025 1670 2073 dixerunt

139 2106 463 2154 Hoffmannus
486 2106 538 2153 in
562 2104 926 2170 Prolegomenis
951 2103 1014 2151 ad
1038 2102 1208 2151 Iliadis
1244 2102 1526 2167 rhapsodias
1551 2104 1594 2147 Φ
1619 2109 1670 2149 et

138 2184 186 2229 X
212 2202 255 2249 p.
287 2186 541 2246 164—177
569 2190 620 2231 et
648 2182 945 2232 Schmidtius
969 2181 1164 2245 Didym.
1191 2198 1235 2244 p.
1266 2197 1371 2227 212.
1442 2179 1672 2243 Adscrip-

137 2268 246 2309 tum
274 2268 440 2309 autem
474 2265 516 2308 ἐν
547 2261 671 2320 ἄλλῳ
710 2260 965 2325 (nusquam
1003 2261 1045 2305 ἐν
1082 2258 1237 2307 ἄλλοις
1250 2262 1285 2314 d,
1322 2258 1452 2322 quod
1488 2257 1669 2321 passim

137 2339 300 2404 posuit
319 2340 572 2388 Bekkerus
589 2338 764 2387 codicis
783 2336 1068 2402 compendio
1087 2338 1128 2381 ἐν
1148 2327 1237 2381 ἅλῗι
1258 2334 1381 2382 male
1400 2333 1667 2396 intellecto)

136 2417 356 2465 versibus
381 2423 454 2465 est
484 2419 590 2476 169,
617 2416 658 2464 si
682 2422 811 2464 recte
836 2414 1140 2479 computavit
1165 2413 1236 2459 La
1265 2411 1431 2459 Roche
1470 2411 1551 2475 (Η
1549 2428 1669 2459 ome-

137 2494 292 2542 rische
321 2494 604 2557 Teaetkodta'k)
630 2512 674 2558 p.
702 2510 806 2554 134‚
827 2514 901 2558 γρ.
925 2493 971 2556 (i.
994 2509 1032 2540 e.
1056 2489 1304 2554 γράφεται)
1332 2488 1551 2536 versibus
1575 2505 1592 2534 1
1607 2505 1662 2547 71

141 2571 271 2636 (ibid.
297 2589 340 2635 p.
373 2571 482 2634 149)
509 2578 560 2619 et
584 2592 659 2634 γρ.
684 2573 755 2617 καί
778 2570 996 2618 versibus
1023 2572 1084 2629 48
1114 2567 1232 2632 (ibid
1257 2584 1301 2630 p.
1334 2565 1460 2628 149).
1532 2565 1670 2613 Haec

140 2648 302 2697 omnia
333 2648 462 2695 inter
490 2648 670 2696 scholia
703 2646 1121 2711 intermarginalia
1144 2643 1318 2707 recepi,
1345 2642 1528 2690 exclusi
1551 2660 1667 2689 vero

139 2726 352 2791 plurima
385 2743 509 2789 quae
547 2725 648 2773 sine
695 2724 971 2773 istiusmodi
1019 2719 1497 2788 praescriptionibus,
1543 2738 1665 2784 quas

192 2842 212 2871 <¹
240 2843 447 2881 Diversum
472 2842 520 2879 ab
549 2841 617 2879 hoc
645 2845 702 2879 est
731 2844 765 2878 ἐν
792 2843 923 2888 ἄλλοις,
943 2840 1046 2890 quod
1076 2839 1173 2876 ‘alio
1204 2837 1298 2875 Zoco’
1319 2836 1546 2887 significans,
1569 2840 1613 2874 ut
1633 2838 1669 2873 ἐν

137 2910 272 2956 ἑτέροις,
291 2909 468 2959 frequens
488 2912 545 2945 est
565 2907 605 2945 in
623 2906 913 2945 scholiastarum
942 2903 1165 2954 quorumvis
1195 2901 1358 2952 scriptis,
1389 2903 1436 2940 de
1462 2916 1538 2952 quo
1567 2901 1667 2939 dixit

140 2972 394 3012 Hoffmannus
414 2987 450 3023 p.
474 2975 559 3010 162.
