1958 3266
921 678 983 727 11.

388 864 745 914 EXCERPTA
798 862 887 911 DE
937 861 1137 910 No'rls
1187 860 1500 909 CRlTlcls.

239 1066 304 1107 DE
347 1067 457 1107 notis
494 1072 677 1108 veterum
721 1065 876 1107 criticis
919 1064 1035 1119 plura
1078 1067 1301 1117 supersunt
1341 1060 1711 1117 grammaticorum

175 1152 306 1192 quum
350 1136 604 1177 Graecorum
651 1140 739 1177 turn
785 1135 1032 1176 Latinorum
1081 1138 1273 1188 excerpta
1313 1148 1415 1188 quac
1455 1132 1714 1188 collegerunt

181 1205 542 1247 Reifferscheidius
575 1204 615 1245 in
645 1203 820 1245 Suetonii
855 1202 1079 1258 Tranquilli
1124 1202 1318 1257 Reliquie'x
1360 1200 1544 1255 (Lipsiae
1586 1201 1713 1254 1860)
1733 1215 1756 1255 5

178 1289 217 1328 p.
258 1285 451 1330 137—144
491 1277 532 1314 et
575 1272 794 1314 Nauckius
838 1272 880 1312 in
918 1271 1159 1325 Appendicc
1196 1271 1247 1312 ad
1283 1270 1464 1311 chicon
1496 1269 1712 1311 Vindobo-

177 1357 302 1384 ncnsc
334 1341 558 1396 (Petropoli
592 1342 717 1394 1867)
750 1357 789 1396 p.
815 1341 1011 1392 271-282
1044 1343 1086 1381 ct
1116 1345 1213 1381 ante
1245 1340 1320 1379 hos
1352 1339 1418 1380 Fr.
1443 1338 1639 1379 Osannus
1669 1337 1714 1378 in

179 1411 376 1452 Aneodolo
412 1411 590 1451 Romano
633 1411 680 1451 (le
721 1409 824 1450 notis
863 1413 1028 1449 veterum
1070 1407 1233 1458 criticis,
1273 1407 1454 1461 inprimi-3
1490 1405 1716 1448 Aristarchi

180 1479 402 1521 Homericis
431 1479 578 1520 Gissae
607 1478 719 1520 edito
749 1494 786 1519 a.
815 1478 920 1532 1852
949 1492 1043 1518 cum
1071 1477 1210 1531 amplo
1237 1476 1536 1518 commentario
1561 1475 1610 1516 de
1637 1489 1716 1516 usu

179 1549 400 1604 signorum
432 1547 672 1590 criticorum
704 1548 748 1588 in
781 1546 895 1588 omni
926 1546 1010 1587 fere
1041 1545 1291 1600 scriptorum
1321 1549 1364 1586 et
1389 1544 1644 1586 Graecorum
1674 1547 1718 1586 et
1740 1557 1788 1583 10

182 1617 432 1658 Latinorum
473 1631 638 1671 genere.
715 1615 904 1657 Fuerunt
944 1615 1058 1656 enim
1097 1615 1197 1656 haec
1231 1614 1352 1668 signa
1383 1612 1538 1669 partim
1574 1613 1716 1654 eadem

178 1686 288 1740 apud
319 1699 474 1736 omnes,
506 1685 663 1740 partim
700 1684 780 1725 alia
810 1684 918 1738 apud
948 1683 1063 1725 alios.
1118 1682 1388 1724 Aristarchus
1409 1681 1562 1736 quibus
1582 1680 1716 1736 signis

179 1769 278 1795 usus
318 1753 445 1794 fuerit
484 1768 610 1806 supra
649 1752 810 1793 dictum
852 1755 915 1792 est
955 1767 995 1806 p.
1018 1751 1114 1791 xix:
1160 1754 1379 1805 poetarum
1414 1749 1641 1804 lyricorum
1672 1750 1716 1789 et

180 1822 435 1863 scenicorum
467 1821 586 1875 signa
620 1820 805 1862 collectis
835 1819 1207 1874 grammaticorum
1239 1816 1493 1859 testimoniis
1522 1817 1640 1858 docte
1673 1820 1716 1858 et

179 1889 407 1945 diligenter
438 1889 637 1930 tractavit
678 1888 734 1930 H.
763 1888 1018 1929 Schraderus
1049 1887 1095 1928 in
1126 1886 1477 1928 commentatione
1509 1886 1570 1926 De
1599 1889 1714 1926 nota·
1739 1893 1785 1932 15

181 1959 285 1999 lione
315 1958 453 2000 critica
486 1973 511 1997 a
548 1958 740 1999 ‘celeribus
760 1957 1028 2011 5⁷mmmatieis
1069 1958 1111 1998 in
1136 1956 1270 2009 poetis
1297 1955 1486 1996 scaenicis
1520 1954 1713 2005 adhibita,

183 2028 353 2069 Bonnae
374 2043 411 2068 a.
442 2026 561 2082 1863.
1060 2029 1063 2031 “

929 2141 967 2181 1.

242 2266 334 2308 Hoc
365 2270 607 2321 excerptum
638 2267 798 2320 primus
828 2266 961 2307 edidit
993 2265 1060 2306 Fr.
1096 2263 1294 2306 Osannus
1324 2263 1369 2304 in
1399 2264 1596 2305 Ana-doto
1631 2263 1713 2305 Ro-

180 2350 292 2376 mano
312 2351 353 2389 p.
377 2349 432 2391 3—
434 2344 475 2388 5,
496 2350 547 2376 ex
567 2335 705 2376 codice
726 2335 799 2390 qui
819 2334 920 2376 olim
942 2334 1105 2375 Mureti
1130 2333 1227 2383 fuit,
1249 2347 1361 2373 nunc
1388 2332 1433 2373 in
1460 2331 1715 2374 bibliotheca
1737 2351 1787 2376 20

182 2403 361 2459 Collegii
398 2404 579 2445 Romani
615 2407 804 2445 servatur
830 2404 1008 2458 scriptus
1043 2403 1089 2443 in
1125 2401 1378 2443 membranis
1417 2400 1572 2442 formae
1613 2390 1731 2456 qua.-¹

181 2474 336 2523 dratae,
378 2472 527 2522 seculo,
565 2476 614 2514 ut
649 2472 820 2514 Osanno
860 2471 1094 2522 videbatur,
1137 2469 1311 2520 decimo,
1354 2468 1404 2510 de
1444 2484 1526 2524 quo
1552 2470 1713 2513 dubito.

183 2541 382 2582 Continet
413 2540 676 2591 scholiorum,
698 2555 803 2596 quae
827 2540 955 2595 vulgo
982 2539 1144 2580 minora
1172 2538 1383 2588 dicuntur,
1415 2542 1578 2592 partem
1608 2553 1712 2589 eam,

181 2623 286 2663 quae
317 2609 371 2650 ad
400 2609 526 2651 libros
559 2609 742 2665 quinque
773 2609 931 2664 primos
965 2608 1155 2663 sextique
1184 2611 1346 2661 partem
1383 2606 1468 2648 fere
1496 2606 1715 2648 dimidiam

181 2681 354 2732 spectat,
391 2678 560 2733 reliquis
589 2678 702 2720 foliis
733 2677 921 2732 perditis.
1002 2677 1066 2718 De
1105 2676 1219 2717 notis
1259 2675 1416 2717 criticis
1447 2676 1588 2717 eadem
1629 2675 1713 2716 fere
1735 2687 1784 2726 25

183 2745 383 2799 leguntur
401 2746 447 2786 in
467 2747 628 2788 duobus
654 2746 866 2788 codicibus
889 2744 1216 2800 Hephaestionis
1235 2745 1297 2798 (V
1319 2747 1361 2785 et
1383 2744 1452 2797 B),
1484 2743 1535 2784 de
1563 2743 1713 2798 quibus

183 2812 292 2852 infra
307 2813 468 2854 dicetur
483 2815 560 2856 sub
580 2830 753 2857 numero
769 2817 808 2868 2,
825 2829 1002 2870 quorum
1021 2814 1157 2856 levem
1178 2813 1410 2868 scripturae
1427 2811 1713 2853 diversitatem

186 2881 254 2922 hic
275 2883 490 2923 annotavi.
