2000 3276
489 153 794 197 EXCERP'PA
839 154 915 195 DE
957 152 1135 194 NOTIS
1179 150 1454 192 CRITICIS.
1649 150 1737 189 xlix

266 260 325 319 [p.
353 258 468 317 141.]
494 252 546 312 >”<
578 259 645 299 clii
677 262 718 298 et
751 272 805 299 rc.
837 258 936 297 haec
967 256 1051 296 sola
1083 270 1132 296 ex
1166 254 1381 295 voluntate
1412 252 1734 307 uniuscuiusque
1782 277 1784 279 >

206 329 257 370 ad
278 329 437 383 aliquid
459 325 744 369 adnotandum
767 326 948 380 ponitur.

267 390 303 455 ᾧ
326 397 351 437 fi
393 402 435 438 et
475 411 532 437 ro.
585 395 683 435 haec
732 398 1000 448 apponuntur
1046 392 1238 446 quotiens
1289 391 1353 430 vel
1394 389 1628 430 emendatio
1671 389 1735 430 vel

209 468 390 519 (sensus)
415 466 501 506 eius
522 478 664 505 versus
685 461 903 503 sollicitius
926 466 988 502 est
1010 460 1305 514 inspiciendus.

259 528 283 588 l
305 561 453 587 ancora
475 544 659 599 superior
680 543 730 583 ad
752 541 920 596 aliquod
940 541 1158 595 praecipue
1179 541 1354 581 dictum.
1753 539 1776 578 5

261 619 455 675 Lancora
485 613 657 655 inferior
677 611 728 652 ad
751 610 951 651 humilius
981 610 1046 650 vel
1076 609 1434 650 inconvenientius
1464 608 1565 663 quid
1596 623 1727 648 enun-

207 685 374 726 tiatum.

768 773 918 813 NOTAE
950 784 1179 812 SIMPLIoEs.

277 894 310 923 ->
354 877 416 918 bis
457 878 630 918 dictum.
708 881 735 920 D
784 875 941 916 alienus
981 889 1135 914 versus.
1211 879 1232 920 Ρ
1277 873 1551 927 metaphrasis
1592 872 1735 913 latina.

210 951 246 988 Φ
267 946 542 1001 metaphrasis
563 960 724 1000 graeca.
758 944 808 984 M
837 944 993 984 malum
1025 947 1206 983 metrum
1228 946 1301 982 aut
1323 942 1500 994 ἀπρεπές.
1535 946 1573 983 Π
1596 945 1739 982 contra
1763 955 1812 980 10

210 1016 438 1058 historiam.
473 1019 511 1057 Θ
533 1028 822 1069 supervacuus.
867 1024 914 1045 -·—
945 1027 1195 1066 repugnanS.
1234 1016 1270 1052 H
1299 1012 1352 1065 >“<
1375 1015 1484 1052 recte
1515 1011 1674 1065 positus
1700 1015 1742 1050 et

208 1085 419 1139 pugnanti
450 1083 691 1124 contrarius.
735 1107 791 1113 —
821 1081 1079 1136 propositum
1111 1081 1199 1121 sine
1229 1081 1508 1134 consequenti.
1560 1091 1608 1112 '—
1647 1094 1743 1120 con-

209 1168 384 1208 sequens
414 1154 501 1194 sine
532 1152 778 1207 praeposito.
850 1166 884 1197 3*
916 1150 1074 1190 alienus
1105 1155 1145 1189 et
1178 1164 1468 1203 supervacuus.
1513 1154 1549 1191 Φ
1585 1151 1614 1190 ἶ)
1639 1147 1676 1192 ὦ
1705 1144 1739 1198 ΞΙ

210 1238 359 1279 graeca
398 1222 672 1276 metaphrasis
713 1225 755 1262 et
795 1220 858 1261 bis
899 1219 1058 1261 dictum
1100 1225 1143 1260 et
1182 1233 1431 1273 repugnans.
1480 1223 1554 1259 ΦΡ
1593 1235 1742 1274 graeca

211 1292 484 1347 metaphrasis
506 1295 547 1332 et
569 1305 818 1345 repugnans.
862 1293 898 1330 Φ
919 1295 941 1335 Ῑῖ
965 1288 1238 1343 metaphrasis
1259 1302 1407 1343 graeca
1431 1292 1474 1328 et
1496 1288 1640 1330 latina.
1768 1300 1815 1339 15

271 1428 487 1469 Nonnulla
506 1428 551 1468 in
572 1427 637 1468 his
664 1426 766 1468 falsa
797 1430 895 1467 sunt
925 1439 1028 1479 quae
1059 1424 1221 1465 notavit
1248 1425 1445 1466 Lehrsius
1475 1426 1519 1466 in
1552 1426 1656 1468 libro
1687 1427 1737 1468 de

213 1497 456 1538 Aristarcho
477 1512 517 1551 p.
542 1509 622 1552 337
646 1496 712 1536 his
734 1495 896 1536 verbis:

273 1572 300 1590 “
315 1565 437 1607 Obeli
457 1566 595 1620 ipsum
615 1566 699 1606 iam
721 1565 889 1619 signum
915 1563 1116 1604 Zenodoti
1147 1563 1320 1603 editioni
1351 1564 1587 1618 appositum
1618 1565 1744 1607 fuisse

214 1650 299 1676 non
327 1634 616 1676 dubitandum.
678 1633 980 1687 Aristophanes
1011 1636 1220 1686 praeterea
1249 1631 1294 1672 in
1327 1633 1563 1674 Homericis
1594 1634 1743 1676 habuit
1768 1656 1817 1681 20

215 1705 438 1746 ceraunion
479 1705 547 1756 (ad
584 1704 722 1757 plures
764 1707 811 1743 ut
842 1702 1009 1743 videtur
1046 1701 1264 1742 continuos
1294 1716 1436 1742 versus
1467 1703 1627 1756 spurios
1660 1719 1742 1746 uno

215 1774 337 1828 signo
370 1773 587 1822 notandos,
627 1771 739 1826 quod
779 1771 1022 1812 Aristarcho
1067 1785 1151 1811 non
1192 1771 1455 1811 commodum
1491 1772 1628 1812 visum
1670 1788 1745 1815 nec

214 1844 474 1895 assumtum),
507 1840 644 1895 sigma
674 1846 716 1881 et
745 1840 984 1894 antisigma,
1016 1838 1256 1879 asteriscum
1295 1838 1347 1879 ad
1382 1841 1583 1880 notandos
1629 1841 1740 1883 locos

214 1909 365 1964 quibus
396 1924 539 1950 sensus
569 1910 728 1950 deesset
743 1908 764 1925 ''
782 1909 956 1963 (Anecd.
980 1907 1096 1948 Paris
1122 1906 1429 1949 Reifferscheid.
1448 1923 1487 1962 p.
1508 1912 1617 1964 139).
1651 1911 1743 1951 Nec

214 1979 267 2019 ad
287 1978 394 2019 hanc
416 1993 504 2019 rem
525 1977 782 2027 Aristarcho,
804 1977 870 2018 cui
898 1976 949 2016 ad
981 1977 1058 2017 hoc
1089 1976 1217 2017 etiam
1247 1976 1358 2030 diple
1389 1977 1632 2028 sufficiebat,
1655 1979 1739 2021 sin·
1769 1997 1817 2035 25

215 2046 361 2100 gulare
378 2047 547 2100 signum
564 2061 666 2100 opus
683 2046 913 2086 videbatur.
948 2045 1027 2086 Sed
1049 2049 1209 2099 praeter
1227 2044 1368 2098 diplen
1388 2047 1740 2102 periestigmenen

215 2116 266 2156 ad
303 2115 534 2156 Zenodotea
564 2115 750 2156 notanda
783 2115 1048 2155 commodum
1080 2114 1324 2154 Aristarcho
1361 2114 1498 2155 visum
1537 2116 1743 2170 singulari

216 2185 336 2239 signo
358 2188 502 2225 notare
522 2184 633 2225 locos
654 2187 909 2224 recurrentes
930 2198 1040 2224 nunc
1071 2186 1180 2224 recte
1211 2197 1322 2223 nunc
1353 2183 1455 2224 falso
1486 2184 1643 2239 positos
1664 2203 1672 2235 ;
1705 2191 1747 2227 et

217 2254 269 2294 ad
289 2253 367 2294 hoc
387 2252 527 2307 potius
549 2252 636 2306 ipse
657 2252 850 2293 asterisco
878 2267 975 2292 usus
997 2256 1059 2292 est
1085 2256 1126 2292 et
1157 2256 1300 2292 contra
1330 2253 1470 2305 posuit
1501 2253 1746 2296 asteriscum

217 2320 439 2362 obelatum.
501 2321 565 2361 De
586 2320 652 2361 his
669 2320 764 2362 vide
785 2320 1025 2361 Nauckium
1046 2320 1177 2361 Arist.
1196 2335 1235 2374 p.
1256 2311 1306 2360 16
1322 2324 1365 2360 et
1383 2321 1744 2375 Sengebuschium
1767 2347 1817 2383 30

217 2390 314 2431 diss.
339 2390 467 2430 Hom.
491 2388 525 2430 I.
547 2404 587 2443 p.
611 2399 679 2441 50.
713 2390 794 2430 Sed
815 2388 926 2443 quod
946 2388 1056 2430 idem
1077 2388 1148 2429 ille
1178 2393 1334 2438 auctor,
1357 2389 1424 2429 cui
1454 2389 1526 2429 illa
1556 2389 1605 2431 de
1637 2395 1744 2431 aste-

217 2457 323 2498 risco
344 2457 652 2511 Aristophaneo
674 2457 882 2507 debemus,
901 2458 1006 2511 quod
1029 2462 1138 2498 certe
1159 2472 1282 2498 causa
1302 2472 1384 2498 non
1406 2462 1469 2498 est
1491 2472 1563 2498 cur
1579 2457 1744 2499 dubite-

219 2539 326 2574 mus,
347 2524 396 2565 de
417 2524 528 2578 diple
548 2524 677 2566 tradit
698 2525 774 2566 hoc
794 2525 952 2566 dudum
981 2525 1062 2566 dici
1094 2525 1268 2566 debebat
1299 2526 1608 2579 ineptissimum
1641 2541 1742 2568 esse.

222 2591 415 2645 “Diplen
444 2593 713 2645 aperisticton
743 2594 902 2647 primus
933 2593 1142 2648 Leogoras
1169 2621 1226 2625 -
1246 2619 1303 2624 —-
1326 2595 1435 2647 apud
1466 2594 1585 2634 illum
1616 2609 1746 2648 pone-

221 2659 406 2701 rentur.'’
465 2660 731 2702 Aristarchus
753 2661 904 2716 diplen,
922 2662 957 2702 si
977 2662 1062 2702 iam
1090 2666 1186 2702 ante
1217 2661 1364 2715 aliquis
1395 2661 1480 2702 eius
1512 2677 1609 2703 usus
1640 2668 1743 2715 erat,
1768 2687 1816 2724 35

220 2728 272 2769 ad
303 2727 435 2768 multo
466 2728 585 2781 plura
614 2729 861 2779 adhibuisse,
884 2734 932 2770 ut
961 2730 1081 2784 plura
1110 2730 1309 2784 pluraque
1340 2729 1568 2771 attenderit
1599 2736 1641 2773 et
1673 2733 1746 2774 ob-

221 2796 462 2846 servaverit,
484 2795 526 2836 id
547 2801 706 2837 certum
727 2801 769 2838 et
789 2799 984 2839 sciremus
1005 2798 1092 2839 sine
1113 2798 1198 2838 illo.
1262 2798 1403 2839 Fuisse
1425 2799 1507 2840 iam
1529 2804 1628 2841 ante
1651 2816 1745 2842 eum

221 2866 403 2920 aliquem
434 2864 565 2919 diples
596 2880 718 2906 usum
747 2865 790 2906 id
820 2870 957 2920 potest
984 2881 1129 2907 verum
1160 2881 1269 2908 esse:
1308 2868 1378 2908 sed
1410 2867 1471 2908 illi
1502 2869 1746 2912 testimonio

221 2934 338 2975 nulla
357 2933 470 2975 fides.
508 2933 648 2974 Fuisse
669 2933 850 2988 aliquam
870 2938 967 2975 ante
988 2935 1280 2976 Aristarchum
1300 2936 1524 2978 editionem
1548 2938 1748 2979 Homeri-

223 3017 326 3054 cam,
347 3006 389 3043 et
408 3002 576 3057 quidem
597 3001 681 3042 iam
703 3001 812 3056 diple
831 3017 960 3052 usam,
984 3003 1121 3056 ignoti
1142 3004 1357 3046 cuiusdam
1379 3005 1603 3060 Leogorae,
1625 3007 1746 3047 cuius
1769 3029 1819 3062 40

280 3083 374 3111 vor..
397 3083 427 3112 1.
777 3075 779 3079 ’
975 3071 1001 3111 d
