1958 3266
178 126 263 168 xliv
464 126 767 169 mvi-:mrim
816 125 892 167 DE
936 125 1114 168 No'rls
1159 126 1431 171 (3111'1‘1018.

177 232 308 280 βλίοις
340 235 415 271 τῶν
446 229 790 283 συγγραψαμένων
822 231 908 281 περὶ
936 231 1093 278 τούτων,
1118 231 1179 272 καὶ
1213 234 1248 272 εἴ
1279 249 1343 272 σοι
1377 232 1508 285 φίλον,
1543 232 1711 286 ἐπιζήτει

177 300 279 348 παρὰ
302 305 378 340 τῶν
400 303 597 353 τεχνικῶν.

239 365 298 405 ll.
344 382 374 410 >
419 366 462 421 τῇ
486 365 604 420 διπλῇ
627 367 766 417 χρῆται
790 364 1050 419 ’Λρίσταρχος
1075 366 1168 418 πρὸς
1199 367 1388 415 ἱστορίαν,
1416 367 1712 421 σχηματισμοὺς

178 434 240 474 καὶ
263 433 395 484 ἑτέρας
419 434 598 474 ποικίλας
621 433 765 486 χρείας·

246 513 278 550 >ζ
322 503 366 557 τῇ
389 502 430 542 δὲ
456 501 752 557 περιεστιγμένῃ
774 501 869 553 πρὸς
893 502 1114 553 Ζηνόδοτον
1135 502 1202 544 τὸν
1224 505 1448 554 διορθωτὴν.
1730 519 1753 559 5

236 596 290 602 —-
322 571 373 625 τῷ
395 571 435 611 δὲ
459 570 593 625 ὀβελῷ
615 569 711 622 πρὸς
733 570 931 620 ἀθέτησιν.

233 638 362 693 ·>'<·—
393 638 614 693 ἀστερίσκῳ
649 641 688 679 δὲ
724 638 799 679 σὺν
828 639 961 694 ὀβελῷ
988 638 1084 691 πρὸς
1113 640 1158 679 τὸ
1191 640 1288 681 εἶναι
1323 643 1394 691 μὲν
1427 641 1514 682 τοὺς
1548 642 1709 694 στίχους

173 705 363 758 Ὀμήρου,
387 709 538 748 κεῖσθαι
567 708 608 747 δὲ
637 708 678 748 ἐν
699 707 810 762 ἄλλῳ
832 708 936 761 τόπῳ
964 711 1102 751 καλῶς·
1146 709 1203 751 οἷς
1235 710 1297 750 καὶ
1328 710 1561 761 ἀστερίσκος
1590 711 1708 760 μόνος

175 777 416 828 πρόσκειται.

243 846 275 886 Ξ)
310 845 362 900 τῷ
394 847 433 886 δὲ
460 845 671 897 ἀντίσιγμα
699 845 761 885 καὶ
783 845 828 901 τῇ
857 847 1013 901 στιγμῇ,
1037 847 1132 887 ὅταν
1157 847 1223 886 δύο
1249 845 1324 887 ὦσι
1350 848 1514 888 διάνοιαι
1540 848 1584 887 τὸ
1614 847 1706 888 αὐτὸ
1731 870 1779 896 10

175 915 451 966 σημαίνουσαι,
484 917 551 953 τοῦ
585 917 746 964 ποιητοῦ
784 915 1033 965 γεγραφότος
1067 914 1300 966 ἀμφοτέρας,
1333 915 1437 957 ὅπως
1470 915 1541 966 τὴν
1575 915 1709 967 ἑτέραν

176 983 323 1033 ἕληται·
363 983 414 1037 τῷ
437 983 477 1022 δὲ
501 983 629 1036 χρόνῳ
652 982 714 1021 καὶ
737 983 776 1022 αἱ
797 982 865 1022 δύο
889 982 1103 1034 εὑρέθησαν
1124 981 1193 1022 οὐκ
1214 983 1335 1034 ὀρθῶς
1357 983 1532 1036 ἔχουσαι.

232 1052 288 1107 >’<·
319 1052 371 1107 τῷ
405 1053 444 1092 δὲ
478 1051 696 1105 ἀστερίσκῳ
727 1052 831 1105 μόνῳ
866 1053 1006 1104 χρῆται
1038 1050 1132 1103 πρὸς
1168 1051 1256 1094 τοὺς
1290 1051 1426 1094 αὐτοὺς
1461 1054 1637 1106 στίχους,
1673 1052 1710 1093 οἳ

175 1124 320 1162 κεῖνται
353 1121 395 1161 ἐν
426 1120 563 1161 ἄλλοις
588 1119 724 1170 μέρεσι
749 1122 816 1169 τῆς
846 1119 1040 1169 ποιήσεως
1069 1119 1130 1160 καὶ
1161 1120 1283 1171 ὀρθῶς
1315 1119 1474 1173 ἔχοντες
1507 1122 1708 1173 φέρονται,

175 1191 379 1241 σημαίνων
400 1190 460 1230 ὅτι
482 1189 587 1230 οὗτοι
610 1189 672 1229 καὶ
694 1188 875 1240 ἀλλαχοῦ
898 1190 1082 1240 εἴρηνται.
1731 1215 1779 1255 15

924 1328 964 1369 2.

233 1422 350 1463 Quae
374 1420 631 1475 Hephaestio
662 1419 704 1459 in
736 1418 887 1460 ultimo
911 1418 1176 1472 Ἐγχειριδίου
1207 1418 1269 1459 sui
1302 1418 1439 1473 capite
1461 1419 1552 1473 (15)
1573 1417 1655 1461 vol.
1677 1418 1706 1460 i.

174 1505 214 1544 p.
243 1490 321 1546 136
355 1489 418 1531 ed.
453 1488 584 1530 Gaisf.
616 1488 703 1540 περὶ
737 1489 911 1539 σημείων
946 1487 1113 1542 scripsit
1147 1486 1199 1528 ad
1236 1486 1322 1528 sola
1357 1490 1548 1541 spectant
1587 1487 1708 1543 signa

173 1559 345 1600 metrica
366 1557 410 1598 in
438 1557 648 1599 codicibus
676 1559 891 1611 poetarum
917 1555 1144 1611 lyricorum
1175 1559 1218 1597 et
1249 1556 1519 1607 scenicorum,
1542 1571 1626 1598 non
1657 1556 1709 1597 ad

171 1627 315 1669 critica
345 1640 450 1681 quae
480 1625 668 1667 versibus
701 1624 876 1666 Homeri
912 1623 1133 1679 adscripsit
1163 1623 1445 1674 Aristarchus,
1477 1625 1527 1666 de
1559 1624 1709 1680 quibus
1730 1640 1781 1667 20

172 1695 263 1751 egit
295 1695 596 1751 grammaticus
629 1693 673 1734 in
709 1693 928 1748 excerptis,
964 1707 1068 1748 quae
1103 1694 1147 1734 in
1185 1693 1346 1734 duobus
1383 1693 1708 1748 Hephaestionis

173 1763 383 1805 codicibus
403 1762 612 1816 adscripta
632 1765 746 1812 sunt,
760 1761 924 1803 Veneto
946 1760 1163 1802 Marciano
1185 1761 1258 1814 (V)
1280 1760 1364 1816 483
1388 1760 1487 1802 folio
1512 1762 1569 1813 46
1591 1776 1708 1803 verso

173 1831 284 1886 apud
318 1831 601 1872 Villoisonum
632 1830 678 1870 in
711 1829 1024 1884 Prolegomenis
1053 1844 1094 1883 p.
1116 1828 1173 1879 lx,
1205 1832 1249 1870 et
1280 1828 1552 1870 Saibantiano
1582 1828 1706 1871 bibli-

174 1899 343 1941 othecae
369 1899 621 1940 Bodleianae
644 1899 716 1952 (B)
738 1897 849 1952 apud
873 1896 1141 1938 Gaisfordum
1164 1896 1243 1938 vol.
1267 1897 1294 1938 i.
1317 1912 1357 1951 p.
1379 1898 1473 1953 136,
1497 1908 1590 1954 137.

231 1972 367 2009 Ταῦτα
397 1969 551 2021 εὕρηται
578 1967 619 2008 ἔν
643 1983 720 2008 τινι
747 1966 902 2021 παλαιῷ
933 1966 1100 2021 βιβλίῳ.
1140 1968 1238 2008 Τοῖς
1262 1964 1352 2018 παρ’
1373 1965 1533 2023 Ὁμήρῳ
1556 1967 1709 2022 στίχοις
1729 1981 1778 2021 25

176 2041 321 2087 σημεῖα
341 2035 570 2089 παράκειται
590 2035 692 2077 τάδε·

608 2105 725 2154 διπλῆ
747 2105 895 2155 καθαρὰ
948 2134 955 2143 .
1020 2135 1027 2142 .
1092 2135 1100 2143 .
1173 2118 1206 2148 >

608 2175 725 2223 διπλῆ
746 2172 1046 2225 περιεστιγμένη
1092 2203 1100 2213 .
1173 2185 1207 2220 >ζ

607 2240 752 2292 ὀβελὸς
803 2269 1100 2281 .....
1161 2263 1218 2270 -

608 2309 756 2361 ὀβελὸς
777 2309 849 2351 σὺν
871 2309 1092 2363 ἀστερίσκῳ
1161 2330 1218 2340 —
1235 2310 1290 2364 >'<·
1729 2325 1780 2362 30

608 2379 822 2431 ἀντίσιγμα
873 2410 881 2418 .
945 2410 952 2417 .
1018 2410 1025 2418 .
1090 2409 1098 2418 .
1170 2379 1201 2418 ἶ)

607 2449 741 2499 κεραία
762 2448 787 2486 ἃ
805 2449 874 2488 τοῦ
895 2448 919 2486 ἃ
941 2477 950 2487 .
1014 2478 1022 2487 .
1086 2478 1094 2486 .
1158 2456 1203 2496 γ.

606 2507 636 2558 ‹2³›
656 2516 827 2569 πλάγιον
875 2547 882 2556 .
947 2547 955 2555 .
1019 2546 1027 2555 .
1091 2547 1100 2555 .
1173 2517 1198 2552 ὃ

237 2714 267 2743 Ῑ.
307 2708 372 2741 τῶν
410 2699 728 2757 συγ-γραψαμένων]
773 2702 907 2740 Nesci·
966 2705 1005 2739 et
1024 2704 1253 2750 Τράγκυλλος.
1940 2678 1949 2699 «

177 2769 262 2795 mus
295 2771 390 2808 quos
418 2760 622 2809 scriptores
649 2757 762 2796 dicat.
818 2756 909 2794 Dio·
1024 2768 1057 2792 2.
1087 2761 1155 2792 τῶν
1183 2761 1352 2804 τεχνικῶν,
1382 2755 1442 2795 vel
1472 2761 1520 2806 τῷ
1551 2758 1704 2807 τεχνικῷ,

177 2812 285 2862 genis
316 2813 495 2862 Cyziceni
524 2816 563 2851 et
591 2812 766 2851 Suetonii
792 2811 910 2848 Tran-
968 2809 1168 2847 Nauckius
1188 2823 1258 2860 pro
1277 2816 1344 2847 τῶν
1362 2815 1536 2859 τεχνιτῶν.

178 2865 289 2914 quilli
308 2866 428 2904 libros
446 2870 523 2915 περὶ
549 2868 699 2913 σημείων
725 2869 911 2904 memorat
1024 2877 1057 2913 3.
1101 2863 1246 2914 Incipit
1303 2864 1402 2903 alius
1462 2863 1703 2915 grammatici

176 2918 314 2957 Suidas
342 2933 370 2957 s.
395 2934 429 2957 v.
451 2922 607 2968 Διογένης
635 2921 655 2967 ἦ
683 2922 911 2969 Διογενειανός
967 2922 1199 2968 excerptum.
