2000 3276
699 133 1044 176 PRAEFATIO.
1564 137 1635 178 xix

103 247 331 306 excerpta
356 240 797 307 grammaticorum,
818 259 944 307 quae
968 242 1081 290 huic
1105 241 1404 291 Praefationi
1439 242 1633 300 subieci,

100 319 193 367 etsi
228 319 384 367 multa
414 319 464 367 in
498 319 574 367 his
609 325 726 367 sunt
760 337 884 384 quae
920 319 1044 367 nihil
1083 319 1144 367 ad
1177 319 1446 368 Homerum
1484 320 1635 384 perti-

99 403 232 445 nent.
323 397 453 445 Nam
489 396 807 444 Aristarchus
844 397 922 445 his
964 396 1121 446 solum
1159 396 1312 462 signis
1353 415 1473 445 usus
1515 403 1633 455 erat,

101 474 255 533 obelo,
279 475 506 523 asterisco
531 474 608 523 vel
636 492 758 539 puro
782 474 861 522 vel
893 493 1003 523 cum
1037 475 1173 523 obelo
1206 475 1476 533 coniuncto,
1502 475 1633 540 diple

99 558 153 600 et
185 569 310 618 pura
344 558 395 601 et
430 554 782 616 περιεστιγμένῃ,
806 552 1084 616 antisigma,
1115 570 1241 617 quae
1278 558 1546 617 praeeunte
1581 553 1633 600 in

98 633 397 687 ὑπομνήμασιν
443 629 722 678 Aristarcho
770 629 1011 695 explicuit
1052 630 1363 679 Aristonicus
1411 631 1462 678 in
1508 630 1632 679 libro

98 709 198 771 ’περὶ
223 710 403 763 σημείων
426 713 511 756 τῶν
536 710 577 754 ἐν
601 706 757 755 Ἰλιάδι
782 709 851 754 καὶ
876 708 1126 768 Ὀδυσσείᾳ,
1153 708 1231 755 cui
1255 708 1466 756 Slmllem
1495 709 1632 756 novi-

96 803 206 833 mus
246 785 503 834 Philoxeni
544 784 723 833 librum
764 787 863 850 περὶ
911 787 1095 842 σημείων
1142 790 1226 832 τῶν
1274 788 1315 832 ἐν
1358 785 1530 842 Ἰλιάδι,
1570 786 1631 834 ab

96 861 248 911 Suida
269 870 593 912 memoratum
619 882 653 912 s.
669 881 715 912 V.
744 865 994 928 Φιλόξενος.

163 941 427 1006 Signorum
448 942 739 1001 criticorum,
766 959 891 1007 quae
916 941 1163 990 lemmatis
1196 940 1491 989 scholiorum
1516 941 1630 989 olim

95 1020 393 1085 praescripta
416 1020 631 1077 fuerunt,
656 1027 849 1085 partem
876 1020 1021 1085 longe
1057 1019 1323 1068 maximam
1360 1019 1630 1067 omiserunt

93 1097 416 1161 posteriorum
452 1105 728 1163 temporum
762 1097 963 1157 librarii,
991 1098 1062 1145 ita
1084 1103 1144 1145 ut
1169 1097 1222 1144 in
1246 1096 1407 1145 codice
1430 1096 1629 1145 Veneto

94 1175 137 1222 A
162 1175 302 1241 signa
326 1174 618 1224 scholiorum
642 1175 731 1223 vix
759 1181 957 1224 centum
988 1182 1039 1223 et
1066 1174 1431 1240 quinquaginta
1461 1193 1629 1240 super-

93 1253 205 1310 sint,
231 1271 438 1318 quorum
476 1253 685 1302 indicem
721 1253 852 1302 infra
889 1254 1043 1318 posui,
1070 1253 1260 1301 iactura
1295 1271 1393 1300 non
1429 1271 1627 1319 magno—

94 1347 207 1394 pere
238 1331 452 1379 dolenda.
528 1332 657 1380 Nam
694 1332 778 1380 ubi
814 1332 994 1381 scholia
1029 1337 1312 1396 supersunt,
1349 1331 1503 1396 signis
1540 1333 1626 1380 cri-

93 1408 202 1456 ticis
238 1409 376 1458 facile
413 1428 645 1468 caremus,
682 1429 835 1475 quum
877 1429 938 1459 ex
980 1410 1267 1458 scholiastae
1307 1411 1626 1459 annotatione

91 1485 277 1550 ubique
314 1487 414 1535 fere
449 1495 682 1552 appareat
717 1488 846 1552 quod
881 1489 1080 1553 signum
1117 1487 1232 1535 olim
1269 1489 1625 1552 praescriptum

91 1562 254 1612 fuerit.
329 1556 657 1624 Quamobrem
699 1583 788 1630 ego
836 1566 953 1614 satis
1000 1565 1151 1613 habui
1193 1565 1336 1629 signa
1376 1566 1427 1612 in
1463 1565 1623 1615 codice

94 1647 289 1690 servata
318 1642 409 1690 sub
440 1660 538 1690 uno
569 1649 832 1707 conspectu
866 1642 1175 1708 proposuisse
1210 1659 1298 1690 nec
1334 1660 1625 1706 supervaca-

92 1735 239 1766 neum
275 1719 463 1784 suscepi
486 1718 698 1768 laborem
728 1720 979 1786 signorum
1008 1738 1134 1785 quae
1171 1720 1388 1768 centenis
1422 1720 1474 1767 in
1508 1720 1623 1769 locis

91 1796 266 1844 omissa
301 1803 416 1844 sunt
447 1796 844 1861 supplendorum,
872 1815 1025 1862 quum
1051 1797 1339 1862 praesertim
1374 1797 1623 1845 interdum

90 1891 169 1922 res
204 1875 269 1922 sit
303 1874 488 1922 incerta
510 1881 582 1932 ut,
606 1875 657 1922 in
691 1875 807 1923 locis
841 1874 1013 1923 multis
1049 1875 1135 1923 ubi
1170 1875 1427 1923 dubitatur
1456 1881 1622 1924 utrum

91 1950 222 2016 diple
269 1970 392 2017 pura
437 1969 500 2000 an
546 1952 680 2017 diple
726 1955 1063 2017 περιεστιγμένη
1115 1953 1181 2001 sit
1235 1953 1621 2017 praescribenda,

90 2028 150 2076 de
193 2047 290 2093 quo
326 2029 453 2077 dixit
490 2030 551 2079 H.
581 2029 876 2079 Schraderus
916 2032 968 2078 in
1010 2030 1355 2079 dissertatione
1390 2031 1450 2079 de
1491 2032 1621 2080 notis

90 2107 269 2155 criticis
295 2107 491 2156 Bonnae
517 2108 650 2156 edita
675 2126 715 2156 a.
749 2112 887 2168 1863,
914 2127 960 2172 p.
978 2125 1052 2169 40.
1109 2107 1328 2157 Sufficiet
1351 2108 1507 2173 igitur
1530 2109 1622 2157 lec-

91 2190 223 2233 tores
247 2185 494 2233 monuisse
512 2185 747 2234 vocabula
770 2187 854 2243 ὅτι,
876 2187 985 2250 πρός
1005 2192 1056 2234 et
1080 2185 1164 2242 διά,
1185 2204 1213 2233 a
1237 2186 1415 2250 quibus
1440 2186 1621 2234 scholia

90 2261 299 2326 plurima
329 2262 575 2327 incipiunt
608 2263 671 2311 ad
706 2263 844 2327 signa
878 2263 1051 2312 referri
1085 2265 1251 2311 textui
1287 2264 1524 2328 apposita,
1549 2265 1621 2311 ita

89 2346 148 2387 ut
182 2341 428 2388 sententia
463 2341 603 2405 plene
637 2341 895 2389 enuntiat-a
924 2342 1044 2390 haec
1073 2342 1152 2400 sit,
1179 2345 1202 2395 ἡ
1235 2342 1368 2395 διπλῆ
1405 2344 1472 2401 (et
1495 2357 1619 2405 quae

89 2423 208 2465 Sunt
246 2418 432 2482 reliqua
468 2418 625 2483 Signa)
663 2418 923 2483 παράκειται
968 2421 1037 2466 ὅτι
1075 2419 1153 2466 VO]
1196 2418 1452 2482 ’παράκειται
1495 2418 1617 2481 πρὸς,

89 2494 169 2541 vel
187 2495 270 2542 διά.
324 2496 449 2544 Aliis
473 2496 587 2545 locis
610 2496 779 2545 multis
799 2497 1023 2545 librarius
1043 2496 1197 2561 signis
1222 2495 1398 2543 criticis
1424 2496 1619 2544 nomina

91 2589 256 2619 eorum
303 2574 574 2632 substituit,
623 2574 761 2622 velut
797 2579 819 2628 ἡ
856 2575 987 2628 διπλῆ
1025 2575 1095 2621 ὅτι
1145 2591 1232 2639 pro
1281 2590 1314 2619 >
1349 2574 1434 2628 ὅτι,
1473 2572 1552 2620 vel
1592 2576 1616 2619 ὁ

91 2649 351 2713 ἀστερίσκος
374 2651 446 2697 ὅτι
471 2669 557 2714 pro
589 2659 643 2713 >·<·
669 2654 756 2710 ὅτι,
782 2659 833 2700 et
857 2669 982 2716 quae
1013 2658 1128 2699 sunt
1164 2650 1362 2714 reliqua,
1393 2650 1485 2697 etsi
1518 2668 1617 2699 non

92 2726 197 2774 sine
220 2726 460 2774 erroribus
485 2746 492 2774 :
528 2728 799 2777 cuiusmodi
824 2735 898 2777 est
925 2729 1055 2793 quod
1078 2727 1453 2792 paragraphum,
1479 2728 1616 2776 cuius

91 2803 221 2852 idem
249 2804 379 2868 quod
408 2803 535 2851 obeli
561 2805 661 2870 (—)
689 2806 884 2870 signum
909 2812 995 2863 est,
1023 2812 1074 2853 et
1096 2822 1222 2869 quae
1256 2804 1615 2870 distinguendis

91 2882 423 2929 narrationum
443 2882 664 2946 partibus
688 2884 838 2931 servit
863 2900 1010 2948 supra
1028 2899 1196 2930 versus
1222 2880 1421 2930 initium
1441 2882 1614 2947 posita,

93 2964 152 3006 ut
175 2958 227 3006 in
249 2958 507 3007 Villoisoni
538 2959 749 3008 editione
773 2960 938 3008 videre
965 2959 1092 3018 licet,
1121 2977 1208 3024 pro
1233 2959 1370 3008 obelo
1393 2959 1614 3009 versibus

822 3037 848 3076 b
872 3049 894 3079 2
