2000 3276
433 131 744 174 EXCERPTA
785 130 863 171 DE
904 129 1084 171 NOTIS
1128 127 1400 169 CRITICIS.
1583 126 1686 167 xlvii

153 237 264 277 inter
310 234 495 276 Suetonii
543 233 756 288 Reliquias
802 232 957 287 recepit
1002 233 1054 273 A.
1091 229 1454 272 Reifferscheidius
1486 243 1522 269 a.
1564 227 1686 276 1860,

154 320 195 359 p.
223 315 441 360 137—141
478 303 671 345 correctis
702 302 852 344 codicis
884 302 1011 352 vitiis,
1035 302 1084 343 de
1105 301 1256 356 quibus
1277 298 1479 342 videndae
1512 297 1688 338 Reiffer-

154 373 326 415 scheidii
348 372 649 414 annotationes.
711 371 1000 425 Comparanda
1022 374 1161 412 autem
1182 385 1277 412 cum
1308 369 1376 410 his
1406 367 1562 408 similia
1585 379 1691 420 quae

154 442 330 483 tradidit
351 442 538 483 Isidorus
559 439 678 495 Orig.
706 454 740 490 1,
765 453 832 482 20.

159 647 219 706 [p.
247 646 362 706 139.]
457 647 608 689 NOTAE
630 647 754 696 XXI,
782 659 895 698 QUAE
926 658 1127 687 VERSIBUS
1158 658 1313 687 APPoNI
1343 655 1631 686 CONSUERUNT.
1710 650 1734 688 5

212 775 270 781 —
290 751 444 792 obelus.
485 750 540 806 >”<
562 750 794 792 asteriscus.
838 749 893 804 ·>'<·
910 775 967 779 —
987 749 1208 790 asteriscus
1229 763 1324 789 cum
1346 747 1475 789 obelo.
1526 755 1564 783 Λ
1591 745 1690 786 sim-

154 818 249 873 plex
271 818 432 860 duetus.
513 835 548 865 >
580 819 703 873 diple.
776 826 809 870 >1
843 818 956 872 diple
976 817 1314 872 periestigmene.
1394 817 1423 857 ζ)
1448 815 1691 869 antisigma.

166 889 197 929 3
220 887 451 943 antisigma
471 903 566 929 cum
586 892 756 943 puncto.
819 901 850 945 3
872 887 1047 929 coronis.
1122 903 1154 932 >
1168 912 1225 917 —
1245 885 1358 940 diple
1390 885 1655 926 obelismene.

217 955 277 1014 [p.
304 955 405 1015 138]
450 967 484 997 ε
515 972 658 998 aversa
685 956 948 998 obelismene.
1010 957 1067 1011 >4
1088 955 1322 996 ceraunion.
1387 973 1434 996 -;-
1461 952 1602 994 obelus
1620 951 1692 993 ad-

156 1029 347 1080 punctus
408 1037 512 1067 —<
545 1026 686 1067 obelus
730 1041 826 1067 cum
861 1039 1016 1066 aversa.
1089 1018 1125 1064 Ξ
1157 1023 1270 1078 diple
1307 1037 1482 1077 superne
1515 1021 1690 1062 obelata.
1716 1037 1765 1062 10

168 1100 204 1140 ”>“
228 1099 265 1137 3
292 1098 406 1136 recta
427 1099 468 1136 et
493 1110 636 1136 aversa
657 1110 831 1149 superne
852 1094 1050 1136 obelatae.
1109 1082 1166 1148 >⁹<
1187 1092 1255 1134 chi
1276 1096 1318 1133 et
1339 1107 1398 1133 ro.
1460 1078 1497 1146 ᾧ
1520 1090 1547 1130 fi
1570 1093 1612 1131 et
1633 1105 1691 1130 ro.

165 1178 171 1218 Ι
199 1190 346 1217 ancora
366 1176 565 1231 superior.
604 1178 798 1236 Lancora
817 1175 1002 1217 inferior.
1034 1175 1196 1229 alogus.

218 1245 300 1285 His
325 1245 423 1286 solis
453 1245 498 1286 in
528 1245 871 1287 adnotationibus
901 1245 1043 1294 Ennii,
1068 1243 1222 1284 Lucilii
1244 1246 1286 1283 et
1313 1241 1607 1282 historicorum
1627 1239 1692 1279 usi

160 1317 260 1355 sunt
298 1314 599 1369 Vargunteius,
632 1314 795 1354 Ennius
837 1313 1063 1367 Aeliusque
1098 1316 1141 1353 et
1176 1315 1385 1366 postremo
1417 1309 1588 1358 Probus,
1620 1308 1693 1363 qui

158 1382 251 1422 illas
292 1382 337 1423 in
372 1383 554 1438 Virgilio
590 1386 633 1424 et
671 1382 848 1424 Horatio
884 1385 927 1422 et
964 1381 1161 1423 Lucretio
1194 1380 1388 1435 apposuit
1423 1382 1472 1419 ut
1508 1379 1692 1419 Homero
1717 1380 1764 1418 15

159 1451 439 1492 Aristarchus.

216 1546 274 1552 —
293 1519 435 1561 obelus
455 1519 643 1561 versibus
669 1519 893 1574 apponitur
912 1519 990 1560 hac
1018 1534 1153 1560 causa.
1215 1518 1463 1558 Pisistratus
1485 1514 1693 1570 quondam

160 1589 483 1630 Atheniensium
532 1592 739 1643 tyrannus
788 1587 1028 1629 inordinata
1077 1591 1120 1628 et
1170 1587 1341 1628 confusa
1395 1585 1531 1626 adhuc
1580 1583 1693 1637 poesi

163 1658 336 1700 Homeri
353 1658 534 1712 praemio
551 1657 772 1698 sollicitare
787 1657 1001 1711 proposuit
1023 1671 1090 1698 eos
1111 1656 1182 1710 qui
1199 1670 1289 1696 eam
1307 1653 1546 1696 ordinarent
1561 1652 1694 1706 iisque

161 1726 335 1782 praemii
364 1726 531 1768 nomine
565 1726 609 1766 in
646 1726 832 1780 singulos
870 1740 1012 1766 versus
1052 1724 1240 1779 singulos
1280 1723 1420 1764 obolos
1462 1721 1693 1764 constituit.
1717 1725 1767 1750 20

162 1797 349 1837 mercede
369 1795 495 1836 multi
516 1794 679 1836 inducti
702 1809 912 1849 pauperes,
935 1793 1086 1848 quibus
1115 1793 1336 1848 ingenium
1366 1791 1570 1840 affluebat,
1594 1805 1694 1844 quo-

160 1865 276 1906 niam
305 1868 380 1905 aut
409 1864 597 1905 invenire
627 1867 701 1904 aut
732 1863 946 1917 disponere
968 1864 1048 1917 (ut)
1073 1861 1247 1903 debebat
1270 1875 1356 1902 non
1385 1863 1592 1914 poterant,
1615 1858 1694 1898 fin-

162 1934 300 1988 gendo
339 1932 541 1987 plurimos
581 1947 724 1974 versus
766 1931 898 1986 operis
942 1931 1209 1972 nobilitatem
1250 1932 1533 1983 corruperunt.
1584 1926 1696 1968 unde

163 2003 305 2044 evenit
334 2006 382 2043 ut
411 2004 554 2056 postea
588 2001 877 2055 prudentiores
907 2000 999 2051 viri,
1031 2015 1209 2054 quorum
1240 2013 1426 2040 summus
1460 1997 1505 2037 in
1539 1996 1616 2037 hac
1653 2011 1695 2037 re

163 2071 245 2112 fuit
266 2070 548 2121 Aristarchus,
571 2069 764 2124 quotiens
784 2068 1054 2124 inprobarent
1078 2083 1218 2110 versus
1239 2067 1356 2122 quasi
1376 2070 1450 2107 aut
1471 2065 1601 2106 malos
1622 2068 1695 2105 aut
1717 2068 1765 2106 25

162 2154 246 2181 non
290 2139 545 2189 Homericos,
578 2139 694 2180 obelo
733 2138 948 2193 potissime
977 2138 1212 2178 notandum
1244 2135 1544 2177 existimarent.
1596 2149 1694 2174 nam

163 2213 206 2250 et
239 2208 368 2262 ipsius
405 2208 579 2249 Homeri
610 2207 808 2262 propriOS,
842 2208 911 2248 sed
942 2221 1025 2247 uon
1050 2221 1096 2247 eo
1128 2206 1278 2260 dignos
1309 2203 1452 2245 eadem
1482 2203 1560 2243 hac
1595 2206 1696 2243 nota

164 2277 510 2318 condemnarunt.

225 2406 285 2465 [p.
307 2405 408 2464 139]
429 2407 482 2462 >”<
498 2406 739 2447 asteriscum
757 2405 1058 2460 Aristophanes
1074 2403 1308 2458 apponebat
1324 2402 1407 2443 illis
1422 2402 1524 2443 locis
1545 2401 1696 2455 quibus

167 2490 310 2515 sensus
340 2476 511 2525 deesset,
542 2475 813 2516 Aristarchus
842 2478 978 2515 autem
1012 2473 1064 2514 ad
1085 2488 1152 2514 eos
1173 2473 1362 2526 (versus),
1385 2470 1455 2525 qui
1486 2471 1564 2510 hoc
1594 2472 1693 2523 puta
1717 2485 1767 2521 30

167 2544 256 2585 loco
287 2545 429 2597 (recte)
451 2544 575 2597 positi
606 2548 738 2593 erant,
770 2558 864 2584 cum
892 2543 984 2583 aliis
1016 2542 1173 2582 scilicet
1194 2555 1278 2581 non
1299 2543 1409 2581 recte
1430 2541 1693 2592 ponerentur.

167 2613 268 2654 item
291 2612 451 2653 Probus
476 2615 518 2652 et
537 2612 700 2666 antiqui
721 2612 865 2652 nostri.

166 2755 284 2793 libros
311 2758 389 2802 περὶ
418 2754 566 2800 σημείων
584 2758 650 2789 τῶν
678 2756 712 2790 ἐν
740 2757 811 2791 τοῖς
839 2755 898 2800 βι-
954 2752 1158 2803 scriptores
1205 2749 1526 2801 significationem
1574 2748 1693 2799 expli-

165 2810 278 2853 βλίοις
326 2808 553 2846 memoravit
601 2807 739 2844 Suidas
786 2821 814 2844 s.
862 2821 897 2844 v.
956 2807 1101 2844 cuisse:
1150 2819 1240 2842 nam
1274 2805 1428 2842 eaedem
1467 2807 1580 2842 notae
1618 2804 1695 2841 alia

165 2867 385 2911 Τράγκυλλος
413 2868 450 2900 et
481 2863 649 2908 Διογένης,
669 2874 764 2910 quos
784 2861 899 2898 Lehr-
919 2880 922 2882 v
956 2861 1058 2910 apud
1077 2860 1170 2898 alios
1189 2858 1393 2908 scriptores
1413 2857 1693 2908 significabant,

167 2917 245 2955 sius
283 2931 316 2967 p.
359 2926 404 2964 15
444 2914 695 2966 probabiliter
741 2914 902 2952 coniecit
957 2914 1004 2952 de
1036 2927 1111 2964 quo
1140 2927 1174 2951 v.
1206 2913 1408 2963 Menagius
1436 2913 1482 2951 ad
1515 2912 1629 2961 Diog.
1652 2912 1694 2949 L.

166 2971 403 3020 singularum
420 2977 596 3008 notarum
615 2968 716 3017 apud
733 2968 902 3017 singulos
962 2981 996 3015 3,
1020 2969 1083 3016 65.
