<?xml version="1.0" encoding="UTF-8"?>
<!DOCTYPE html PUBLIC "-//W3C//DTD XHTML 1.0 Transitional//EN"
    "http://www.w3.org/TR/xhtml1/DTD/xhtml1-transitional.dtd">
<html xmlns="http://www.w3.org/1999/xhtml" xml:lang="en" lang="en">
 <head>
  <title>
</title>
<meta http-equiv="Content-Type" content="text/html;charset=utf-8" />
  <meta name='ocr-system' content='tesseract 3.04.00' />
  <meta name='ocr-capabilities' content='ocr_page ocr_carea ocr_par ocr_line ocrx_word'/>
</head>
<body>
  <div class='ocr_page' id='page_1' title='image "./scholiagraecainh01homeuoft_0030.png"; bbox 0 0 1958 3266; ppageno 0'>
   <div class='ocr_carea' id='block_1_1' title="bbox 178 143 1119 190">
    <p class='ocr_par' dir='ltr' id='par_1_1' title="bbox 178 143 1119 190">
     <span class='ocr_line' id='line_1_1' title="bbox 178 143 1119 190; baseline -0.002 0"><span class='ocrx_word' id='word_1_1' title='bbox 178 149 307 190; x_wconf 70' lang='lat' dir='ltr'>xxviii</span> <span class='ocrx_word' id='word_1_2' title='bbox 780 143 1119 188; x_wconf 72' lang='lat' dir='ltr'>1‘n.x1·:1·&#39;A&#39;1‘10.</span> 
     </span>
    </p>
   </div>
   <div class='ocr_carea' id='block_1_2' title="bbox 177 248 1725 2883">
    <p class='ocr_par' dir='ltr' id='par_1_2' title="bbox 177 248 1725 2883">
     <span class='ocr_line' id='line_1_2' title="bbox 178 248 1712 315; baseline 0 -16"><span class='ocrx_word' id='word_1_3' title='bbox 178 252 353 299; x_wconf 66' lang='lat' dir='ltr'>scholia</span> <span class='ocrx_word' id='word_1_4' title='bbox 398 269 504 299; x_wconf 75' lang='lat' dir='ltr'>cum</span> <span class='ocrx_word' id='word_1_5' title='bbox 544 251 734 298; x_wconf 49' lang='lat' dir='ltr'>vem-tn</span> <span class='ocrx_word' id='word_1_6' title='bbox 785 251 818 296; x_wconf 76' lang='grc' dir='ltr'>Λ</span> <span class='ocrx_word' id='word_1_7' title='bbox 868 248 946 297; x_wconf 78' lang='lat' dir='ltr'>ulii</span> <span class='ocrx_word' id='word_1_8' title='bbox 999 249 1164 303; x_wconf 74' lang='lat' dir='ltr'>inulla..</span> <span class='ocrx_word' id='word_1_9' title='bbox 1202 249 1278 297; x_wconf 72' lang='lat' dir='ltr'>alii</span> <span class='ocrx_word' id='word_1_10' title='bbox 1323 249 1548 315; x_wconf 72' lang='lat' dir='ltr'>pauciora</span> <span class='ocrx_word' id='word_1_11' title='bbox 1587 269 1712 299; x_wconf 80' lang='lat' dir='ltr'>coni-</span> 
     </span>
     <span class='ocr_line' id='line_1_3' title="bbox 181 326 1712 392; baseline 0 -15"><span class='ocrx_word' id='word_1_12' title='bbox 181 331 346 377; x_wconf 74' lang='lat' dir='ltr'>iuuuiu</span> <span class='ocrx_word' id='word_1_13' title='bbox 401 329 573 376; x_wconf 72' lang='lat' dir='ltr'>hulwm</span> <span class='ocrx_word' id='word_1_14' title='bbox 611 348 617 376; x_wconf 91' lang='lat'><strong>:</strong></span> <span class='ocrx_word' id='word_1_15' title='bbox 668 328 846 392; x_wconf 67' lang='lat' dir='ltr'>quibus</span> <span class='ocrx_word' id='word_1_16' title='bbox 903 336 1065 375; x_wconf 70' lang='lat' dir='ltr'>(alneu</span> <span class='ocrx_word' id='word_1_17' title='bbox 1116 335 1257 376; x_wconf 81' lang='lat' dir='ltr'>caute</span> <span class='ocrx_word' id='word_1_18' title='bbox 1312 326 1549 376; x_wconf 71' lang='lat' dir='ltr'>utendum</span> <span class='ocrx_word' id='word_1_19' title='bbox 1604 329 1712 385; x_wconf 76' lang='lat' dir='ltr'>suit,</span> 
     </span>
     <span class='ocr_line' id='line_1_4' title="bbox 177 405 1715 472; baseline 0.001 -20"><span class='ocrx_word' id='word_1_20' title='bbox 177 425 327 472; x_wconf 70' lang='lat' dir='ltr'>«pium</span> <span class='ocrx_word' id='word_1_21' title='bbox 378 407 657 454; x_wconf 59' lang='lat' dir='ltr'>inibi-iorum</span> <span class='ocrx_word' id='word_1_22' title='bbox 702 414 974 469; x_wconf 66' lang='lat' dir='ltr'>(euriporum</span> <span class='ocrx_word' id='word_1_23' title='bbox 1018 406 1321 471; x_wconf 72' lang='lat' dir='ltr'>granmmtici</span> <span class='ocrx_word' id='word_1_24' title='bbox 1368 405 1550 454; x_wconf 74' lang='lat' dir='ltr'>scholia.</span> <span class='ocrx_word' id='word_1_25' title='bbox 1589 406 1715 455; x_wconf 76' lang='lat' dir='ltr'>unti-</span> 
     </span>
     <span class='ocr_line' id='line_1_5' title="bbox 181 483 1716 549; baseline 0.001 -20"><span class='ocrx_word' id='word_1_26' title='bbox 181 485 365 548; x_wconf 69' lang='grc' dir='ltr'>«Ιιιίυνει,</span> <span class='ocrx_word' id='word_1_27' title='bbox 387 503 510 548; x_wconf 61' lang='lat' dir='ltr'>‹puu-</span> <span class='ocrx_word' id='word_1_28' title='bbox 539 484 583 530; x_wconf 80' lang='lat' dir='ltr'>in</span> <span class='ocrx_word' id='word_1_29' title='bbox 610 501 723 530; x_wconf 77' lang='lat' dir='ltr'>suos</span> <span class='ocrx_word' id='word_1_30' title='bbox 749 483 1022 548; x_wconf 66' lang='lat' dir='ltr'>reciperent</span> <span class='ocrx_word' id='word_1_31' title='bbox 1045 484 1430 539; x_wconf 56' lang='lat' dir='ltr'>commentarios,</span> <span class='ocrx_word' id='word_1_32' title='bbox 1451 502 1558 532; x_wconf 79' lang='lat' dir='ltr'>raro</span> <span class='ocrx_word' id='word_1_33' title='bbox 1582 501 1716 549; x_wconf 88' lang='lat' dir='ltr'>pror-</span> 
     </span>
     <span class='ocr_line' id='line_1_6' title="bbox 180 561 1716 627; baseline 0.001 -19"><span class='ocrx_word' id='word_1_34' title='bbox 180 582 261 609; x_wconf 69' lang='lat' dir='ltr'>sus</span> <span class='ocrx_word' id='word_1_35' title='bbox 291 562 469 609; x_wconf 69' lang='lat' dir='ltr'>intacta</span> <span class='ocrx_word' id='word_1_36' title='bbox 499 561 806 625; x_wconf 67' lang='lat' dir='ltr'>reliquerint,</span> <span class='ocrx_word' id='word_1_37' title='bbox 832 561 916 610; x_wconf 75' lang='lat' dir='ltr'>scd</span> <span class='ocrx_word' id='word_1_38' title='bbox 944 562 1228 627; x_wconf 74' lang='lat' dir='ltr'>plerumque</span> <span class='ocrx_word' id='word_1_39' title='bbox 1254 561 1326 609; x_wconf 77' lang='lat' dir='ltr'>vel</span> <span class='ocrx_word' id='word_1_40' title='bbox 1357 561 1532 610; x_wconf 76' lang='lat' dir='ltr'>leviter</span> <span class='ocrx_word' id='word_1_41' title='bbox 1559 568 1716 610; x_wconf 72' lang='lat' dir='ltr'>niuta-</span> 
     </span>
     <span class='ocr_line' id='line_1_7' title="bbox 183 638 1714 705; baseline 0.003 -21"><span class='ocrx_word' id='word_1_42' title='bbox 183 640 335 686; x_wconf 70' lang='lat' dir='ltr'>vvriut</span> <span class='ocrx_word' id='word_1_43' title='bbox 361 638 433 685; x_wconf 63' lang='lat' dir='ltr'>vol</span> <span class='ocrx_word' id='word_1_44' title='bbox 460 656 654 704; x_wconf 76' lang='lat' dir='ltr'>prorsus</span> <span class='ocrx_word' id='word_1_45' title='bbox 678 638 822 687; x_wconf 79' lang='lat' dir='ltr'>aliter</span> <span class='ocrx_word' id='word_1_46' title='bbox 841 640 1256 688; x_wconf 68' lang='lat' dir='ltr'>cmisormzworint</span> <span class='ocrx_word' id='word_1_47' title='bbox 1278 640 1475 704; x_wconf 76' lang='lat' dir='ltr'>suisque</span> <span class='ocrx_word' id='word_1_48' title='bbox 1496 640 1714 705; x_wconf 71' lang='lat' dir='ltr'>ipsorum</span> 
     </span>
     <span class='ocr_line' id='line_1_8' title="bbox 181 716 1716 782; baseline 0.002 -20"><span class='ocrx_word' id='word_1_49' title='bbox 181 716 530 764; x_wconf 64' lang='lat' dir='ltr'>additamentis</span> <span class='ocrx_word' id='word_1_50' title='bbox 554 717 973 781; x_wconf 68' lang='lat' dir='ltr'>ann]›liiicavcriut,</span> <span class='ocrx_word' id='word_1_51' title='bbox 1000 717 1246 765; x_wconf 83' lang='lat' dir='ltr'>interdum</span> <span class='ocrx_word' id='word_1_52' title='bbox 1268 718 1415 766; x_wconf 78' lang='lat' dir='ltr'>otiam</span> <span class='ocrx_word' id='word_1_53' title='bbox 1439 736 1565 782; x_wconf 84' lang='lat' dir='ltr'>quac</span> <span class='ocrx_word' id='word_1_54' title='bbox 1584 717 1716 766; x_wconf 75' lang='lat' dir='ltr'>&lt;licta</span> 
     </span>
     <span class='ocr_line' id='line_1_9' title="bbox 183 794 1715 860; baseline 0.001 -19"><span class='ocrx_word' id='word_1_55' title='bbox 183 795 228 841; x_wconf 84' lang='lat' dir='ltr'>in</span> <span class='ocrx_word' id='word_1_56' title='bbox 275 794 465 842; x_wconf 70' lang='lat' dir='ltr'>scholiis</span> <span class='ocrx_word' id='word_1_57' title='bbox 505 794 756 843; x_wconf 75' lang='lat' dir='ltr'>veteribus</span> <span class='ocrx_word' id='word_1_58' title='bbox 797 803 915 843; x_wconf 79' lang='lat' dir='ltr'>sunt</span> <span class='ocrx_word' id='word_1_59' title='bbox 956 795 1298 860; x_wconf 74' lang='lat' dir='ltr'>perverterint,</span> <span class='ocrx_word' id='word_1_60' title='bbox 1337 795 1467 860; x_wconf 84' lang='lat' dir='ltr'>quod</span> <span class='ocrx_word' id='word_1_61' title='bbox 1509 795 1715 844; x_wconf 85' lang='lat' dir='ltr'>duorum</span> 
     </span>
     <span class='ocr_line' id='line_1_10' title="bbox 184 872 1713 938; baseline 0.001 -19"><span class='ocrx_word' id='word_1_62' title='bbox 184 873 498 934; x_wconf 61' lang='lat' dir='ltr'>insigniorum</span> <span class='ocrx_word' id='word_1_63' title='bbox 524 872 755 929; x_wconf 81' lang='lat' dir='ltr'>codicum,</span> <span class='ocrx_word' id='word_1_64' title='bbox 782 873 961 922; x_wconf 83' lang='lat' dir='ltr'>Veneti</span> <span class='ocrx_word' id='word_1_65' title='bbox 988 874 1027 922; x_wconf 88' lang='lat' dir='ltr'>B</span> <span class='ocrx_word' id='word_1_66' title='bbox 1058 874 1196 936; x_wconf 79' lang='lat'>(453)</span> <span class='ocrx_word' id='word_1_67' title='bbox 1223 880 1274 921; x_wconf 84' lang='lat' dir='ltr'>et</span> <span class='ocrx_word' id='word_1_68' title='bbox 1299 873 1608 930; x_wconf 83' lang='lat' dir='ltr'>Townlciani,</span> <span class='ocrx_word' id='word_1_69' title='bbox 1633 873 1713 938; x_wconf 86' lang='lat' dir='ltr'>qui</span> 
     </span>
     <span class='ocr_line' id='line_1_11' title="bbox 184 950 1718 1016; baseline 0.002 -21"><span class='ocrx_word' id='word_1_70' title='bbox 184 951 330 1015; x_wconf 66' lang='lat' dir='ltr'>vulgo</span> <span class='ocrx_word' id='word_1_71' title='bbox 361 951 668 998; x_wconf 67' lang='lat' dir='ltr'>Victorianus</span> <span class='ocrx_word' id='word_1_72' title='bbox 702 950 995 1015; x_wconf 72' lang='lat' dir='ltr'>appellatur,</span> <span class='ocrx_word' id='word_1_73' title='bbox 1022 951 1262 1016; x_wconf 85' lang='lat' dir='ltr'>exemplis</span> <span class='ocrx_word' id='word_1_74' title='bbox 1287 950 1534 999; x_wconf 73' lang='lat' dir='ltr'>nonnullis</span> <span class='ocrx_word' id='word_1_75' title='bbox 1563 957 1718 1000; x_wconf 84' lang='lat' dir='ltr'>osten-</span> 
     </span>
     <span class='ocr_line' id='line_1_12' title="bbox 184 1028 1720 1095; baseline 0.003 -23"><span class='ocrx_word' id='word_1_76' title='bbox 184 1029 255 1076; x_wconf 75' lang='lat' dir='ltr'>«lit</span> <span class='ocrx_word' id='word_1_77' title='bbox 307 1028 534 1076; x_wconf 61' lang='lat' dir='ltr'>Lem—sius</span> <span class='ocrx_word' id='word_1_78' title='bbox 582 1029 629 1076; x_wconf 91' lang='lat' dir='ltr'>in</span> <span class='ocrx_word' id='word_1_79' title='bbox 678 1028 798 1076; x_wconf 81' lang='lat' dir='ltr'>libro</span> <span class='ocrx_word' id='word_1_80' title='bbox 846 1029 904 1077; x_wconf 86' lang='lat' dir='ltr'>‹lc</span> <span class='ocrx_word' id='word_1_81' title='bbox 948 1029 1230 1078; x_wconf 74' lang='lat' dir='ltr'>Aristarcho</span> <span class='ocrx_word' id='word_1_82' title='bbox 1277 1048 1323 1095; x_wconf 91' lang='lat' dir='ltr'>p.</span> <span class='ocrx_word' id='word_1_83' title='bbox 1353 1047 1428 1089; x_wconf 84' lang='lat'>31,</span> <span class='ocrx_word' id='word_1_84' title='bbox 1461 1046 1533 1089; x_wconf 83' lang='lat'>32.</span> <span class='ocrx_word' id='word_1_85' title='bbox 1605 1029 1720 1077; x_wconf 92' lang='lat' dir='ltr'>Alia</span> 
     </span>
     <span class='ocr_line' id='line_1_13' title="bbox 183 1106 1718 1174; baseline 0.001 -20"><span class='ocrx_word' id='word_1_86' title='bbox 183 1106 365 1154; x_wconf 71' lang='lat' dir='ltr'>scholia</span> <span class='ocrx_word' id='word_1_87' title='bbox 385 1114 553 1154; x_wconf 76' lang='lat' dir='ltr'>vetera</span> <span class='ocrx_word' id='word_1_88' title='bbox 573 1106 727 1155; x_wconf 76' lang='lat' dir='ltr'>multa</span> <span class='ocrx_word' id='word_1_89' title='bbox 745 1115 796 1156; x_wconf 86' lang='lat' dir='ltr'>et</span> <span class='ocrx_word' id='word_1_90' title='bbox 813 1107 977 1156; x_wconf 86' lang='lat' dir='ltr'>critica</span> <span class='ocrx_word' id='word_1_91' title='bbox 1005 1114 1056 1156; x_wconf 87' lang='lat' dir='ltr'>et</span> <span class='ocrx_word' id='word_1_92' title='bbox 1074 1108 1323 1174; x_wconf 82' lang='lat' dir='ltr'>exegetica</span> <span class='ocrx_word' id='word_1_93' title='bbox 1347 1127 1408 1156; x_wconf 87' lang='lat' dir='ltr'>ex</span> <span class='ocrx_word' id='word_1_94' title='bbox 1432 1107 1540 1156; x_wconf 87' lang='lat' dir='ltr'>aliis</span> <span class='ocrx_word' id='word_1_95' title='bbox 1562 1126 1718 1173; x_wconf 85' lang='lat' dir='ltr'>gram-</span> 
     </span>
     <span class='ocr_line' id='line_1_14' title="bbox 186 1184 1718 1251; baseline 0.002 -20"><span class='ocrx_word' id='word_1_96' title='bbox 186 1184 373 1232; x_wconf 73' lang='lat' dir='ltr'>maticis</span> <span class='ocrx_word' id='word_1_97' title='bbox 416 1185 661 1233; x_wconf 82' lang='lat' dir='ltr'>emendari</span> <span class='ocrx_word' id='word_1_98' title='bbox 695 1185 773 1233; x_wconf 86' lang='lat' dir='ltr'>vel</span> <span class='ocrx_word' id='word_1_99' title='bbox 810 1186 891 1234; x_wconf 86' lang='lat' dir='ltr'>ubi</span> <span class='ocrx_word' id='word_1_100' title='bbox 930 1186 1217 1235; x_wconf 79' lang='lat' dir='ltr'>exciderunt</span> <span class='ocrx_word' id='word_1_101' title='bbox 1251 1185 1463 1251; x_wconf 85' lang='lat' dir='ltr'>suppleri</span> <span class='ocrx_word' id='word_1_102' title='bbox 1500 1193 1718 1251; x_wconf 83' lang='lat' dir='ltr'>possunt,</span> 
     </span>
     <span class='ocr_line' id='line_1_15' title="bbox 185 1262 1718 1329; baseline 0.003 -21"><span class='ocrx_word' id='word_1_103' title='bbox 185 1280 465 1326; x_wconf 59' lang='lat' dir='ltr'>‹pinuqumn</span> <span class='ocrx_word' id='word_1_104' title='bbox 506 1263 555 1310; x_wconf 91' lang='lat' dir='ltr'>in</span> <span class='ocrx_word' id='word_1_105' title='bbox 592 1262 668 1311; x_wconf 80' lang='lat' dir='ltr'>liis</span> <span class='ocrx_word' id='word_1_106' title='bbox 706 1281 900 1328; x_wconf 88' lang='lat' dir='ltr'>quoque</span> <span class='ocrx_word' id='word_1_107' title='bbox 939 1264 1107 1313; x_wconf 88' lang='lat' dir='ltr'>eadem</span> <span class='ocrx_word' id='word_1_108' title='bbox 1140 1283 1289 1329; x_wconf 85' lang='lat' dir='ltr'>quam</span> <span class='ocrx_word' id='word_1_109' title='bbox 1327 1265 1468 1312; x_wconf 89' lang='lat' dir='ltr'>modo</span> <span class='ocrx_word' id='word_1_110' title='bbox 1502 1263 1718 1312; x_wconf 83' lang='lat' dir='ltr'>dicebam</span> 
     </span>
     <span class='ocr_line' id='line_1_16' title="bbox 184 1340 1719 1408; baseline 0.002 -21"><span class='ocrx_word' id='word_1_111' title='bbox 184 1340 408 1387; x_wconf 71' lang='lat' dir='ltr'>cautione</span> <span class='ocrx_word' id='word_1_112' title='bbox 456 1358 578 1405; x_wconf 88' lang='lat' dir='ltr'>opus</span> <span class='ocrx_word' id='word_1_113' title='bbox 625 1348 714 1398; x_wconf 88' lang='lat' dir='ltr'>est,</span> <span class='ocrx_word' id='word_1_114' title='bbox 752 1359 812 1389; x_wconf 90' lang='lat' dir='ltr'>ne</span> <span class='ocrx_word' id='word_1_115' title='bbox 853 1343 1280 1407; x_wconf 85' lang='lat' dir='ltr'>grammaticorum</span> <span class='ocrx_word' id='word_1_116' title='bbox 1317 1342 1719 1408; x_wconf 71' lang='lat' dir='ltr'>interpolationes</span> 
     </span>
     <span class='ocr_line' id='line_1_17' title="bbox 185 1417 1720 1485; baseline 0.003 -21"><span class='ocrx_word' id='word_1_117' title='bbox 185 1417 433 1466; x_wconf 77' lang='lat' dir='ltr'>veteribus</span> <span class='ocrx_word' id='word_1_118' title='bbox 482 1418 764 1467; x_wconf 80' lang='lat' dir='ltr'>tribuantur</span> <span class='ocrx_word' id='word_1_119' title='bbox 810 1419 1099 1468; x_wconf 79' lang='lat' dir='ltr'>scholiorum</span> <span class='ocrx_word' id='word_1_120' title='bbox 1148 1420 1406 1479; x_wconf 82' lang='lat' dir='ltr'>codicibus,</span> <span class='ocrx_word' id='word_1_121' title='bbox 1446 1420 1498 1467; x_wconf 89' lang='lat' dir='ltr'>in</span> <span class='ocrx_word' id='word_1_122' title='bbox 1543 1420 1720 1485; x_wconf 81' lang='lat' dir='ltr'>quibus</span> 
     </span>
     <span class='ocr_line' id='line_1_18' title="bbox 184 1495 1720 1564; baseline 0.002 -22"><span class='ocrx_word' id='word_1_123' title='bbox 184 1514 434 1560; x_wconf 81' lang='lat' dir='ltr'>nunquam</span> <span class='ocrx_word' id='word_1_124' title='bbox 485 1495 637 1545; x_wconf 83' lang='lat' dir='ltr'>lectae</span> <span class='ocrx_word' id='word_1_125' title='bbox 690 1498 921 1546; x_wconf 87' lang='lat' dir='ltr'>fuerunt:</span> <span class='ocrx_word' id='word_1_126' title='bbox 980 1499 1111 1563; x_wconf 90' lang='lat' dir='ltr'>quod</span> <span class='ocrx_word' id='word_1_127' title='bbox 1169 1497 1496 1564; x_wconf 84' lang='lat' dir='ltr'>Etymologici</span> <span class='ocrx_word' id='word_1_128' title='bbox 1553 1497 1720 1563; x_wconf 77' lang='lat' dir='ltr'>Magni</span> 
     </span>
     <span class='ocr_line' id='line_1_19' title="bbox 184 1573 1720 1638; baseline 0.003 -18"><span class='ocrx_word' id='word_1_129' title='bbox 184 1573 407 1638; x_wconf 75' lang='lat' dir='ltr'>exemplo</span> <span class='ocrx_word' id='word_1_130' title='bbox 444 1575 660 1623; x_wconf 83' lang='lat' dir='ltr'>ostendit</span> <span class='ocrx_word' id='word_1_131' title='bbox 686 1575 804 1624; x_wconf 88' lang='lat' dir='ltr'>Otto</span> <span class='ocrx_word' id='word_1_132' title='bbox 831 1576 1131 1625; x_wconf 85' lang='lat' dir='ltr'>Carnutbius</span> <span class='ocrx_word' id='word_1_133' title='bbox 1154 1577 1205 1624; x_wconf 88' lang='lat' dir='ltr'>in</span> <span class='ocrx_word' id='word_1_134' title='bbox 1230 1577 1636 1625; x_wconf 82' lang='lat' dir='ltr'>commentatione</span> <span class='ocrx_word' id='word_1_135' title='bbox 1660 1576 1720 1625; x_wconf 88' lang='lat' dir='ltr'>de</span> 
     </span>
     <span class='ocr_line' id='line_1_20' title="bbox 186 1651 1720 1719; baseline 0.003 -21"><span class='ocrx_word' id='word_1_136' title='bbox 186 1651 401 1699; x_wconf 83' lang='lat' dir='ltr'>fontibus</span> <span class='ocrx_word' id='word_1_137' title='bbox 448 1652 773 1719; x_wconf 81' lang='lat' dir='ltr'>Etymologici</span> <span class='ocrx_word' id='word_1_138' title='bbox 822 1654 1038 1703; x_wconf 87' lang='lat' dir='ltr'>Berolini</span> <span class='ocrx_word' id='word_1_139' title='bbox 1086 1655 1220 1704; x_wconf 86' lang='lat' dir='ltr'>edita</span> <span class='ocrx_word' id='word_1_140' title='bbox 1266 1674 1306 1703; x_wconf 90' lang='lat' dir='ltr'>a.</span> <span class='ocrx_word' id='word_1_141' title='bbox 1351 1657 1489 1715; x_wconf 84' lang='lat'>1872,</span> <span class='ocrx_word' id='word_1_142' title='bbox 1530 1656 1582 1702; x_wconf 91' lang='lat' dir='ltr'>in</span> <span class='ocrx_word' id='word_1_143' title='bbox 1623 1672 1720 1719; x_wconf 91' lang='lat' dir='ltr'>quo</span> 
     </span>
     <span class='ocr_line' id='line_1_21' title="bbox 185 1729 1721 1798; baseline 0.003 -22"><span class='ocrx_word' id='word_1_144' title='bbox 185 1729 449 1777; x_wconf 77' lang='lat' dir='ltr'>Aristonici</span> <span class='ocrx_word' id='word_1_145' title='bbox 485 1730 605 1778; x_wconf 82' lang='lat' dir='ltr'>liber</span> <span class='ocrx_word' id='word_1_146' title='bbox 637 1733 734 1793; x_wconf 78' lang='grc' dir='ltr'>περὶ</span> <span class='ocrx_word' id='word_1_147' title='bbox 766 1735 947 1786; x_wconf 79' lang='grc' dir='ltr'>σημείων</span> <span class='ocrx_word' id='word_1_148' title='bbox 971 1733 1234 1798; x_wconf 87' lang='lat' dir='ltr'>quinquies</span> <span class='ocrx_word' id='word_1_149' title='bbox 1269 1733 1450 1781; x_wconf 83' lang='lat' dir='ltr'>diserte</span> <span class='ocrx_word' id='word_1_150' title='bbox 1486 1749 1721 1780; x_wconf 82' lang='lat' dir='ltr'>memora-</span> 
     </span>
     <span class='ocr_line' id='line_1_22' title="bbox 188 1809 1720 1875; baseline 0.003 -23"><span class='ocrx_word' id='word_1_151' title='bbox 188 1813 283 1859; x_wconf 88' lang='lat' dir='ltr'>tur,</span> <span class='ocrx_word' id='word_1_152' title='bbox 308 1813 505 1854; x_wconf 85' lang='lat' dir='ltr'>centum</span> <span class='ocrx_word' id='word_1_153' title='bbox 530 1825 645 1855; x_wconf 85' lang='lat' dir='ltr'>vero</span> <span class='ocrx_word' id='word_1_154' title='bbox 677 1815 727 1856; x_wconf 91' lang='lat' dir='ltr'>et</span> <span class='ocrx_word' id='word_1_155' title='bbox 751 1809 1115 1875; x_wconf 85' lang='lat' dir='ltr'>quinquaginta</span> <span class='ocrx_word' id='word_1_156' title='bbox 1144 1810 1241 1858; x_wconf 89' lang='lat' dir='ltr'>tria</span> <span class='ocrx_word' id='word_1_157' title='bbox 1270 1815 1499 1875; x_wconf 86' lang='lat' dir='ltr'>excerpta</span> <span class='ocrx_word' id='word_1_158' title='bbox 1522 1827 1583 1858; x_wconf 85' lang='lat' dir='ltr'>ex</span> <span class='ocrx_word' id='word_1_159' title='bbox 1607 1809 1720 1857; x_wconf 82' lang='lat' dir='ltr'>Ari-</span> 
     </span>
     <span class='ocr_line' id='line_1_23' title="bbox 188 1882 1721 1952; baseline 0.005 -24"><span class='ocrx_word' id='word_1_160' title='bbox 188 1883 361 1930; x_wconf 87' lang='lat' dir='ltr'>stonici</span> <span class='ocrx_word' id='word_1_161' title='bbox 399 1882 535 1941; x_wconf 91' lang='lat' dir='ltr'>libro,</span> <span class='ocrx_word' id='word_1_162' title='bbox 578 1886 752 1933; x_wconf 87' lang='lat' dir='ltr'>omisso</span> <span class='ocrx_word' id='word_1_163' title='bbox 801 1886 906 1934; x_wconf 87' lang='lat' dir='ltr'>eius</span> <span class='ocrx_word' id='word_1_164' title='bbox 947 1887 1158 1944; x_wconf 84' lang='lat' dir='ltr'>nomine,</span> <span class='ocrx_word' id='word_1_165' title='bbox 1200 1887 1526 1952; x_wconf 86' lang='lat' dir='ltr'>reperiuntur,</span> <span class='ocrx_word' id='word_1_166' title='bbox 1563 1887 1721 1935; x_wconf 85' lang='lat' dir='ltr'>multa</span> 
     </span>
     <span class='ocr_line' id='line_1_24' title="bbox 189 1961 1718 2030; baseline 0.004 -24"><span class='ocrx_word' id='word_1_167' title='bbox 189 1977 298 2007; x_wconf 88' lang='lat' dir='ltr'>cum</span> <span class='ocrx_word' id='word_1_168' title='bbox 324 1961 592 2025; x_wconf 80' lang='lat' dir='ltr'>scripturae</span> <span class='ocrx_word' id='word_1_169' title='bbox 611 1961 913 2020; x_wconf 75' lang='lat' dir='ltr'>diversitate,</span> <span class='ocrx_word' id='word_1_170' title='bbox 930 1964 1014 2012; x_wconf 87' lang='lat' dir='ltr'>sed</span> <span class='ocrx_word' id='word_1_171' title='bbox 1037 1965 1299 2012; x_wconf 80' lang='lat' dir='ltr'>maximam</span> <span class='ocrx_word' id='word_1_172' title='bbox 1325 1972 1516 2030; x_wconf 87' lang='lat' dir='ltr'>partem</span> <span class='ocrx_word' id='word_1_173' title='bbox 1539 1965 1718 2022; x_wconf 87' lang='lat' dir='ltr'>inutili,</span> 
     </span>
     <span class='ocr_line' id='line_1_25' title="bbox 188 2040 1723 2102; baseline 0.005 -18"><span class='ocrx_word' id='word_1_174' title='bbox 188 2055 250 2085; x_wconf 82' lang='lat' dir='ltr'>ex</span> <span class='ocrx_word' id='word_1_175' title='bbox 274 2055 372 2102; x_wconf 84' lang='lat' dir='ltr'>qua</span> <span class='ocrx_word' id='word_1_176' title='bbox 397 2055 638 2102; x_wconf 82' lang='lat' dir='ltr'>perpauca</span> <span class='ocrx_word' id='word_1_177' title='bbox 664 2046 858 2088; x_wconf 83' lang='lat' dir='ltr'>tantum</span> <span class='ocrx_word' id='word_1_178' title='bbox 885 2049 935 2089; x_wconf 89' lang='lat' dir='ltr'>et</span> <span class='ocrx_word' id='word_1_179' title='bbox 959 2040 1086 2089; x_wconf 82' lang='lat' dir='ltr'>levia</span> <span class='ocrx_word' id='word_1_180' title='bbox 1120 2042 1297 2091; x_wconf 87' lang='lat' dir='ltr'>codicis</span> <span class='ocrx_word' id='word_1_181' title='bbox 1322 2042 1504 2091; x_wconf 85' lang='lat' dir='ltr'>Veneti</span> <span class='ocrx_word' id='word_1_182' title='bbox 1527 2045 1575 2091; x_wconf 94' lang='lat' dir='ltr'>A</span> <span class='ocrx_word' id='word_1_183' title='bbox 1598 2043 1723 2092; x_wconf 73' lang='lat' dir='ltr'>vitia</span> 
     </span>
     <span class='ocr_line' id='line_1_26' title="bbox 188 2115 1722 2180; baseline 0.005 -19"><span class='ocrx_word' id='word_1_184' title='bbox 188 2115 435 2162; x_wconf 82' lang='lat' dir='ltr'>emendari</span> <span class='ocrx_word' id='word_1_185' title='bbox 494 2123 776 2180; x_wconf 88' lang='lat' dir='ltr'>potuerunt.</span> <span class='ocrx_word' id='word_1_186' title='bbox 870 2118 1041 2166; x_wconf 88' lang='lat' dir='ltr'>Paullo</span> <span class='ocrx_word' id='word_1_187' title='bbox 1099 2119 1269 2167; x_wconf 90' lang='lat' dir='ltr'>utilior</span> <span class='ocrx_word' id='word_1_188' title='bbox 1326 2120 1424 2168; x_wconf 84' lang='lat' dir='ltr'>fuit</span> <span class='ocrx_word' id='word_1_189' title='bbox 1471 2120 1722 2169; x_wconf 83' lang='lat' dir='ltr'>Eustathii</span> 
     </span>
     <span class='ocr_line' id='line_1_27' title="bbox 190 2193 1722 2261; baseline 0.007 -23"><span class='ocrx_word' id='word_1_190' title='bbox 190 2193 501 2256; x_wconf 84' lang='lat' dir='ltr'>comparatio,</span> <span class='ocrx_word' id='word_1_191' title='bbox 538 2194 624 2258; x_wconf 88' lang='lat' dir='ltr'>qui</span> <span class='ocrx_word' id='word_1_192' title='bbox 660 2195 819 2243; x_wconf 87' lang='lat' dir='ltr'>codice</span> <span class='ocrx_word' id='word_1_193' title='bbox 856 2214 974 2244; x_wconf 82' lang='lat' dir='ltr'>usus</span> <span class='ocrx_word' id='word_1_194' title='bbox 1010 2197 1095 2261; x_wconf 89' lang='lat' dir='ltr'>qui</span> <span class='ocrx_word' id='word_1_195' title='bbox 1131 2197 1303 2246; x_wconf 86' lang='lat' dir='ltr'>similis</span> <span class='ocrx_word' id='word_1_196' title='bbox 1337 2197 1436 2246; x_wconf 88' lang='lat' dir='ltr'>fuit</span> <span class='ocrx_word' id='word_1_197' title='bbox 1460 2198 1655 2248; x_wconf 85' lang='lat' dir='ltr'>Veneto</span> <span class='ocrx_word' id='word_1_198' title='bbox 1678 2200 1722 2247; x_wconf 96' lang='lat' dir='ltr'>A</span> 
     </span>
     <span class='ocr_line' id='line_1_28' title="bbox 189 2270 1723 2339; baseline 0.006 -23"><span class='ocrx_word' id='word_1_199' title='bbox 189 2287 416 2333; x_wconf 80' lang='lat' dir='ltr'>magnam</span> <span class='ocrx_word' id='word_1_200' title='bbox 452 2270 744 2320; x_wconf 89' lang='lat' dir='ltr'>scholiorum</span> <span class='ocrx_word' id='word_1_201' title='bbox 780 2283 1002 2322; x_wconf 89' lang='lat' dir='ltr'>veterum</span> <span class='ocrx_word' id='word_1_202' title='bbox 1039 2281 1228 2339; x_wconf 84' lang='lat' dir='ltr'>partem</span> <span class='ocrx_word' id='word_1_203' title='bbox 1264 2275 1316 2322; x_wconf 89' lang='lat' dir='ltr'>in</span> <span class='ocrx_word' id='word_1_204' title='bbox 1350 2277 1723 2326; x_wconf 86' lang='lat' dir='ltr'>commentarios</span> 
     </span>
     <span class='ocr_line' id='line_1_29' title="bbox 190 2346 1722 2407; baseline 0.007 -14"><span class='ocrx_word' id='word_1_205' title='bbox 190 2346 471 2395; x_wconf 83' lang='lat' dir='ltr'>Homericos</span> <span class='ocrx_word' id='word_1_206' title='bbox 496 2349 765 2407; x_wconf 86' lang='lat' dir='ltr'>transtulit,</span> <span class='ocrx_word' id='word_1_207' title='bbox 790 2351 953 2399; x_wconf 82' lang='lat' dir='ltr'>verbis</span> <span class='ocrx_word' id='word_1_208' title='bbox 978 2351 1056 2400; x_wconf 79' lang='lat' dir='ltr'>vel</span> <span class='ocrx_word' id='word_1_209' title='bbox 1079 2353 1285 2400; x_wconf 86' lang='lat' dir='ltr'>servatis</span> <span class='ocrx_word' id='word_1_210' title='bbox 1310 2353 1388 2400; x_wconf 89' lang='lat' dir='ltr'>vel</span> <span class='ocrx_word' id='word_1_211' title='bbox 1411 2354 1616 2403; x_wconf 84' lang='lat' dir='ltr'>mutatis</span> <span class='ocrx_word' id='word_1_212' title='bbox 1641 2354 1722 2403; x_wconf 86' lang='lat' dir='ltr'>vel</span> 
     </span>
     <span class='ocr_line' id='line_1_30' title="bbox 189 2424 1723 2493; baseline 0.007 -23"><span class='ocrx_word' id='word_1_213' title='bbox 189 2424 530 2488; x_wconf 84' lang='lat' dir='ltr'>amplificatis:</span> <span class='ocrx_word' id='word_1_214' title='bbox 567 2434 624 2475; x_wconf 88' lang='lat' dir='ltr'>ut</span> <span class='ocrx_word' id='word_1_215' title='bbox 651 2427 729 2476; x_wconf 90' lang='lat' dir='ltr'>hic</span> <span class='ocrx_word' id='word_1_216' title='bbox 753 2446 946 2493; x_wconf 88' lang='lat' dir='ltr'>quoque</span> <span class='ocrx_word' id='word_1_217' title='bbox 979 2430 1248 2478; x_wconf 86' lang='lat' dir='ltr'>cavendum</span> <span class='ocrx_word' id='word_1_218' title='bbox 1283 2431 1350 2478; x_wconf 85' lang='lat' dir='ltr'>sit</span> <span class='ocrx_word' id='word_1_219' title='bbox 1384 2449 1445 2479; x_wconf 90' lang='lat' dir='ltr'>ne</span> <span class='ocrx_word' id='word_1_220' title='bbox 1481 2431 1723 2481; x_wconf 87' lang='lat' dir='ltr'>codicibus</span> 
     </span>
     <span class='ocr_line' id='line_1_31' title="bbox 190 2501 1725 2574; baseline 0.007 -25"><span class='ocrx_word' id='word_1_221' title='bbox 190 2501 465 2551; x_wconf 88' lang='lat' dir='ltr'>Homericis</span> <span class='ocrx_word' id='word_1_222' title='bbox 493 2504 773 2554; x_wconf 84' lang='lat' dir='ltr'>tribuantur</span> <span class='ocrx_word' id='word_1_223' title='bbox 804 2525 929 2571; x_wconf 84' lang='lat' dir='ltr'>quae</span> <span class='ocrx_word' id='word_1_224' title='bbox 954 2508 1031 2556; x_wconf 86' lang='lat' dir='ltr'>vel</span> <span class='ocrx_word' id='word_1_225' title='bbox 1067 2526 1126 2556; x_wconf 87' lang='lat' dir='ltr'>ex</span> <span class='ocrx_word' id='word_1_226' title='bbox 1156 2508 1361 2557; x_wconf 87' lang='lat' dir='ltr'>aliorum</span> <span class='ocrx_word' id='word_1_227' title='bbox 1385 2510 1725 2574; x_wconf 83' lang='lat' dir='ltr'>grammatico-</span> 
     </span>
     <span class='ocr_line' id='line_1_32' title="bbox 187 2581 1722 2651; baseline 0.007 -26"><span class='ocrx_word' id='word_1_228' title='bbox 187 2595 296 2626; x_wconf 87' lang='lat' dir='ltr'>rum</span> <span class='ocrx_word' id='word_1_229' title='bbox 337 2581 529 2645; x_wconf 78' lang='lat' dir='ltr'>scriptis</span> <span class='ocrx_word' id='word_1_230' title='bbox 568 2583 850 2648; x_wconf 85' lang='lat' dir='ltr'>compilavit</span> <span class='ocrx_word' id='word_1_231' title='bbox 892 2584 969 2633; x_wconf 86' lang='lat' dir='ltr'>vel</span> <span class='ocrx_word' id='word_1_232' title='bbox 1011 2603 1230 2634; x_wconf 81' lang='lat' dir='ltr'>exsuae</span> <span class='ocrx_word' id='word_1_233' title='bbox 1273 2586 1426 2651; x_wconf 85' lang='lat' dir='ltr'>ipsius</span> <span class='ocrx_word' id='word_1_234' title='bbox 1472 2587 1722 2636; x_wconf 89' lang='lat' dir='ltr'>doctrinae</span> 
     </span>
     <span class='ocr_line' id='line_1_33' title="bbox 189 2657 1722 2730; baseline 0.006 -27"><span class='ocrx_word' id='word_1_235' title='bbox 189 2657 338 2720; x_wconf 80' lang='lat' dir='ltr'>copiis</span> <span class='ocrx_word' id='word_1_236' title='bbox 386 2660 652 2723; x_wconf 83' lang='lat' dir='ltr'>expromsit</span> <span class='ocrx_word' id='word_1_237' title='bbox 698 2660 1007 2711; x_wconf 87' lang='lat' dir='ltr'>Eustathius.</span> <span class='ocrx_word' id='word_1_238' title='bbox 1086 2663 1275 2712; x_wconf 84' lang='lat' dir='ltr'>Omitto</span> <span class='ocrx_word' id='word_1_239' title='bbox 1323 2663 1446 2713; x_wconf 84' lang='lat' dir='ltr'>alios</span> <span class='ocrx_word' id='word_1_240' title='bbox 1482 2682 1722 2730; x_wconf 84' lang='lat' dir='ltr'>gramma-</span> 
     </span>
     <span class='ocr_line' id='line_1_34' title="bbox 190 2732 1724 2802; baseline 0.008 -24"><span class='ocrx_word' id='word_1_241' title='bbox 190 2732 309 2780; x_wconf 83' lang='lat' dir='ltr'>ticos</span> <span class='ocrx_word' id='word_1_242' title='bbox 355 2752 453 2781; x_wconf 90' lang='lat' dir='ltr'>non</span> <span class='ocrx_word' id='word_1_243' title='bbox 499 2753 679 2800; x_wconf 86' lang='lat' dir='ltr'>paucos</span> <span class='ocrx_word' id='word_1_244' title='bbox 726 2738 812 2802; x_wconf 88' lang='lat' dir='ltr'>qui</span> <span class='ocrx_word' id='word_1_245' title='bbox 858 2739 990 2787; x_wconf 86' lang='lat' dir='ltr'>idem</span> <span class='ocrx_word' id='word_1_246' title='bbox 1042 2741 1195 2789; x_wconf 84' lang='lat' dir='ltr'>secuti</span> <span class='ocrx_word' id='word_1_247' title='bbox 1242 2741 1497 2790; x_wconf 84' lang='lat' dir='ltr'>consilium</span> <span class='ocrx_word' id='word_1_248' title='bbox 1543 2741 1724 2790; x_wconf 86' lang='lat' dir='ltr'>scholia</span> 
     </span>
     <span class='ocr_line' id='line_1_35' title="bbox 191 2808 1723 2883; baseline 0.007 -28"><span class='ocrx_word' id='word_1_249' title='bbox 191 2808 451 2859; x_wconf 86' lang='lat' dir='ltr'>Homerica</span> <span class='ocrx_word' id='word_1_250' title='bbox 491 2813 844 2879; x_wconf 86' lang='lat' dir='ltr'>compilarunt:</span> <span class='ocrx_word' id='word_1_251' title='bbox 905 2816 1070 2881; x_wconf 87' lang='lat' dir='ltr'>qualia</span> <span class='ocrx_word' id='word_1_252' title='bbox 1118 2818 1328 2883; x_wconf 84' lang='lat' dir='ltr'>plurima</span> <span class='ocrx_word' id='word_1_253' title='bbox 1371 2819 1626 2867; x_wconf 83' lang='lat' dir='ltr'>Cramerus</span> <span class='ocrx_word' id='word_1_254' title='bbox 1672 2818 1723 2866; x_wconf 93' lang='lat' dir='ltr'>in</span> 
     </span>
    </p>
   </div>
   <div class='ocr_carea' id='block_1_3' title="bbox 189 2909 1722 3034">
    <p class='ocr_par' dir='ltr' id='par_1_3' title="bbox 189 2909 1722 3034">
     <span class='ocr_line' id='line_1_36' title="bbox 189 2909 1722 2968; baseline 0.01 -23"><span class='ocrx_word' id='word_1_255' title='bbox 189 2909 262 2947; x_wconf 76' lang='lat' dir='ltr'>vol.</span> <span class='ocrx_word' id='word_1_256' title='bbox 288 2923 306 2947; x_wconf 88' lang='lat'><strong>2</strong></span> <span class='ocrx_word' id='word_1_257' title='bbox 337 2924 374 2960; x_wconf 91' lang='lat' dir='ltr'>p.</span> <span class='ocrx_word' id='word_1_258' title='bbox 398 2918 627 2964; x_wconf 82' lang='lat'><strong>372—479)</strong></span> <span class='ocrx_word' id='word_1_259' title='bbox 660 2920 698 2954; x_wconf 89' lang='lat' dir='ltr'>et</span> <span class='ocrx_word' id='word_1_260' title='bbox 727 2916 890 2965; x_wconf 82' lang='lat' dir='ltr'>scholiis,</span> <span class='ocrx_word' id='word_1_261' title='bbox 922 2931 1020 2968; x_wconf 89' lang='lat' dir='ltr'>quae</span> <span class='ocrx_word' id='word_1_262' title='bbox 1049 2920 1198 2958; x_wconf 88' lang='lat' dir='ltr'>minora</span> <span class='ocrx_word' id='word_1_263' title='bbox 1226 2921 1358 2959; x_wconf 87' lang='lat' dir='ltr'>vocari</span> <span class='ocrx_word' id='word_1_264' title='bbox 1386 2921 1521 2966; x_wconf 82' lang='lat' dir='ltr'>solent,</span> <span class='ocrx_word' id='word_1_265' title='bbox 1549 2921 1598 2958; x_wconf 88' lang='lat' dir='ltr'>ab</span> <span class='ocrx_word' id='word_1_266' title='bbox 1626 2920 1722 2959; x_wconf 86' lang='lat' dir='ltr'>Iano</span> 
     </span>
     <span class='ocr_line' id='line_1_37' title="bbox 189 2973 1594 3034; baseline 0.016 -24"><span class='ocrx_word' id='word_1_267' title='bbox 189 2973 341 3012; x_wconf 85' lang='lat' dir='ltr'>Lascari</span> <span class='ocrx_word' id='word_1_268' title='bbox 361 2977 529 3026; x_wconf 86' lang='lat' dir='ltr'>primum</span> <span class='ocrx_word' id='word_1_269' title='bbox 550 2980 662 3018; x_wconf 82' lang='lat' dir='ltr'>editis</span> <span class='ocrx_word' id='word_1_270' title='bbox 682 2981 829 3021; x_wconf 84' lang='lat' dir='ltr'>Romae</span> <span class='ocrx_word' id='word_1_271' title='bbox 850 2997 880 3022; x_wconf 89' lang='lat' dir='ltr'>a.</span> <span class='ocrx_word' id='word_1_272' title='bbox 910 2993 1022 3034; x_wconf 86' lang='lat'>1517.</span> <span class='ocrx_word' id='word_1_273' title='bbox 1591 2994 1594 2997; x_wconf 67' lang='grc'><strong><em>’</em></strong></span> 
     </span>
    </p>
   </div>
  </div>
 </body>
</html>
