1958 3266
219 120 333 162 xlviii
510 122 808 163 }·:x(”1·31‹1‘'1‘.x
861 123 933 163 m«)
978 123 1152 164 No'l‘ls
1197 122 1467 168 (iltl'l'lcls.

277 223 329 275 Χ
354 249 406 253 ——
428 224 647 265 asteriscus
669 240 761 265 euin
786 224 902 265 olwlo
927 224 1088 280 propria
1112 231 1208 268 nota
1239 231 1301 268 eut
1334 226 1577 269 Aristarchi.
1610 228 1752 268 utelm-

218 296 287 331 tur
308 300 444 332 :uilem
469 308 512 332 en
540 294 578 332 in
605 294 667 333 liisv
692 280 980 348 x·‹·1·⁵il›us,'qui
1006 310 1084 335 non
1119 311 1191 336 nuo
1224 296 1310 336 loeo
1344 295 1463 350 positi
1489 301 1617 339 erunt.
1649 296 1749 338 item

217 361 378 413 antiqui
404 362 533 401 nostri
558 368 591 400 et
627 361 789 404 Probus,

278 435 317 459 Α
355 429 526 482 simplex
563 431 713 470 duetus
754 430 861 472 inter
893 447 1034 472 versus
1071 433 1301 487 ponebatur
1332 435 1380 474 ud
1415 433 1659 488 separandus
1690 447 1753 474 res

217 513 238 536 :i
265 498 384 537 velnis
413 513 515 551 quae
550 498 588 538 in
623 515 810 540 eonnexu
843 506 1147 550 concurrerent,
1170 502 1517 556 quemadmodum
1542 501 1618 555 (in)
1641 505 1751 543 cata-
1774 507 1796 546 5

219 566 327 618 logo.
354 581 447 606 euni
473 566 557 607 loen
580 583 603 608 a
626 567 723 608 loeis
754 573 827 609 nul·
859 569 1065 621 (regiones
1096 573 1134 624 n)
1174 570 1426 623 regionibus,
1458 576 1501 612 et
1532 570 1575 611 in
1607 585 1751 625 agone,

218 637 344 687 geum)
393 636 574 688 praemia
615 653 635 677 a
681 638 875 691 praemiis
916 639 1145 680 certamina
1183 659 1203 681 n
1241 639 1416 681 (liversis
1451 639 1752 680 eertaminibus

218 708 474 756 separantur.

288 789 319 817 >
353 773 492 826 diplen
522 774 790 828 apel-istieton
814 776 972 829 primus
1006 775 1212 830 Leagoms
1245 778 1530 830 Syracusanus
1559 776 1753 832 apposuit

223 841 455 883 llonierieis
493 843 677 885 versibus
717 845 767 885 nd
811 845 1112 898 separationem
1149 845 1322 899 Olympi
1360 860 1382 885 a
1424 846 1547 894 eaelo,
1591 845 1752 900 proprie
1779 854 1826 880 ¹0

219 910 447 964 Olympum
472 912 522 952 ul)
545 928 590 953 eo
613 928 685 967 pro
704 917 845 955 monte
868 914 1048 967 positum
1072 913 1289 963 adnotans,
1309 929 1510 969 nusquam
1535 929 1608 968 pro
1629 915 1752 965 caelo,

217 979 323 1033 quod
356 995 474 1033 saepe
505 982 669 1033 οὐρανὸν
701 983 812 1033 εὐρὺν
841 981 953 1024 dieat
983 987 1024 1023 et
1051 983 1200 1034 μακρὸν
1215 981 1440 1033 Ὄλυμπον,
1462 997 1592 1038 neque
1613 997 1634 1024 e
1656 997 1752 1023 con-

219 1049 346 1088 trario
368 1049 553 1103 epitheta
576 1056 796 1104 permutet.
829 1053 1010 1105 ponebat
1030 1056 1170 1092 autem
1202 1057 1287 1093 tam
1320 1052 1370 1093 ad
1403 1051 1558 1093 montis
1589 1051 1752 1107 signifi-

217 1117 399 1158 cationes
433 1133 554 1172 quam
597 1119 647 1159 ad
690 1119 803 1168 caeli,
845 1119 1054 1174 utrimque
1089 1120 1382 1161 manifestatur
1418 1120 1611 1161 voluntas
1651 1119 1751 1162 eius.

219 1200 316 1226 usus
338 1191 397 1227 est
421 1202 465 1227 ea
489 1187 529 1227 in
554 1188 699 1228 multis
723 1189 990 1229 Aristarchus
1015 1204 1126 1230 nune
1148 1203 1195 1229 ea
1215 1204 1318 1243 quae
1350 1193 1511 1243 praeter
1532 1192 1750 1230 consuetu·
1776 1194 1823 1233 15

219 1255 357 1295 dinem
383 1260 467 1296 tam
493 1256 602 1297 vitae
624 1262 788 1298 nostrae
818 1273 942 1312 quam
968 1256 1028 1316 [p.
1060 1256 1157 1315 140]
1183 1257 1312 1312 ipsius
1342 1262 1486 1311 poetae
1515 1257 1626 1312 apud
1657 1273 1751 1299 eum

219 1324 506 1365 invenirentur
525 1325 742 1376 adamam,
766 1342 877 1367 nune
909 1326 1095 1380 proprias
1121 1326 1250 1380 ipsius
1282 1326 1451 1381 figuras,
1474 1325 1683 1367 interdum
1705 1341 1753 1367 ea

218 1393 260 1432 in
283 1393 432 1446 quibus
455 1394 643 1448 copiosus
663 1399 737 1443 est,
762 1410 902 1436 rursus
929 1409 1033 1449 quae
1065 1395 1188 1436 semel
1221 1395 1329 1448 apud
1362 1410 1455 1436 eum
1488 1398 1750 1449 ponerentur.

218 1462 414 1503 similiter
436 1463 478 1503 in
502 1463 652 1503 nostris
674 1463 911 1504 auctoribus
934 1464 1105 1504 Probus.

287 1539 318 1582 >j
351 1530 461 1585 diple
483 1531 802 1586 pei-iestigmene
833 1533 1129 1586 apponebatur,
1153 1547 1257 1586 quae
1280 1531 1516 1572 Zenodotus
1547 1531 1753 1586 Ephesius
1775 1545 1824 1571 20

219 1613 301 1639 non
331 1605 440 1641 reete
472 1600 675 1641 adiecerat
707 1606 780 1641 aut
811 1601 1048 1642 detraxerat
1078 1604 1152 1641 aut
1183 1604 1506 1655 permutaverat.
1548 1600 1591 1641 in
1623 1600 1689 1641 his
1709 1604 1752 1642 et

219 1668 348 1708 nostri
373 1683 419 1709 ea
442 1669 503 1709 usi
526 1674 638 1711 sunt.

281 1743 307 1785 D
334 1737 562 1792 antisigma
587 1738 820 1791 ponebatur
843 1740 895 1780 ad
921 1753 988 1780 eos
1010 1753 1152 1779 versus
1180 1752 1356 1792 quorum
1387 1737 1486 1778 ordo
1507 1740 1749 1791 permutan-

218 1805 295 1845 dus
317 1811 416 1846 erat.
450 1807 508 1847 sie
530 1811 572 1847 et
592 1807 635 1846 in
657 1807 810 1847 nostris
831 1807 1071 1848 auctoribus
1093 1806 1317 1847 invenitur.

288 1865 318 1914 'D
343 1874 571 1928 antisigma
592 1890 687 1916 eum
709 1880 864 1929 puncto
894 1876 1140 1929 ponebatur,
1162 1890 1257 1916 eum
1285 1874 1468 1915 eiusdem
1494 1888 1638 1915 sensus
1658 1888 1749 1915 ver-
1773 1889 1820 1928 25

218 1957 286 1982 sus
307 1941 491 1997 duplices
513 1947 649 1984 essent
670 1948 712 1984 et
733 1944 1006 1993 dubitaretur,
1031 1943 1100 1997 qui
1122 1943 1260 1997 potius
1282 1943 1462 1997 legendi.
1500 1942 1558 1983 sie
1579 1947 1620 1984 et
1640 1942 1750 1997 apud

219 2014 393 2052 nostros.

271 2065 477 2138 [coronis
500 2085 665 2121 tantum
687 2081 731 2121 in
753 2081 835 2121 fine
857 2080 952 2121 libri
973 2080 1108 2134 posita
1131 2080 1356 2122 invenitur.

273 2151 332 2205 Χ
352 2149 592 2190 ceraunium
623 2150 806 2204 ponitur,
837 2150 1029 2203 quotiens
1060 2149 1182 2190 multi
1216 2164 1359 2191 versus
1389 2149 1678 2204 inprobantur,
1700 2163 1752 2190 ne

216 2232 288 2272 per
310 2217 498 2271 singulos
519 2218 746 2259 obelentur.
1772 2239 1823 2275 30

285 2295 319 2326 ε
351 2301 494 2327 aversa
514 2287 763 2328 obelismene
785 2286 827 2327 in
849 2302 919 2328 ora
941 2287 1121 2341 ponitur,
1145 2301 1249 2341 quae
1270 2287 1323 2327 ad
1343 2286 1500 2340 aliquid
1523 2285 1751 2339 respiciunt

215 2359 263 2394 ut
287 2353 460 2412 [Virgil.
482 2356 589 2396 Aen.
617 2369 682 2405 10,
707 2353 780 2412 88]
807 2361 829 2377 “
844 2370 970 2396 nosne
991 2354 1071 2395 tibi
1093 2354 1224 2395 fluxas
1245 2353 1495 2409 Phrygiae.''

277 2430 324 2452 '—
350 2424 492 2464 obelus
513 2438 607 2464 eum
636 2428 791 2478 puncto
812 2424 863 2464 ad
886 2438 932 2464 ea
953 2423 1003 2464 de
1024 2423 1174 2477 quibus
1205 2422 1424 2464 dubitatur
1448 2421 1542 2463 tolli
1572 2421 1750 2463 debeant

215 2506 356 2533 necne.

283 2577 316 2605 >
329 2586 386 2591 ——
406 2561 517 2615 diple
539 2561 787 2602 obelismene
808 2561 858 2602 ad
877 2560 1122 2614 separandas
1143 2559 1188 2599 in
1209 2559 1432 2602 comoediis
1456 2563 1499 2601 et
1520 2557 1749 2614 tragoediis
1769 2575 1818 2615 35

216 2628 419 2682 periodos,

271 2706 375 2736 —<
416 2712 557 2739 aversa
597 2697 856 2747 obelismene,
902 2696 1094 2751 quotiens
1135 2696 1301 2751 strophe
1346 2698 1420 2752 (et)
1463 2694 1747 2749 antistrophos

216 2763 406 2806 infertur.

283 2841 318 2876 Ξ
349 2833 458 2886 diple
488 2849 660 2888 superne
691 2834 853 2876 obelata
883 2833 1052 2888 ponitur
1072 2834 1123 2874 ad
1155 2833 1441 2875 condicionem
1473 2832 1654 2874 locorum
1679 2829 1744 2872 vel

214 2915 479 2953 personarum
500 2903 563 2943 vel
586 2907 824 2958 temporum
847 2907 1054 2943 mutatam
1765 2918 1817 2954 40

286 2973 321 3011 Ξ
355 2969 389 3008 ἓ
434 2973 543 3010 reeta
574 2975 615 3011 et
647 2986 790 3013 aversa
815 2986 991 3026 superne
1021 2971 1208 3014 obelatae
1230 2973 1446 3027 ponuntur
1472 2982 1567 3010 cum
1601 2966 1743 3009 eadem

215 3035 457 3090 significant
481 3037 738 3094 similemque
764 3043 1005 3094 sequentem
1027 3054 1128 3083 esse.
