2000 3276
731 478 1027 528 ARISTON
1032 480 1128 528 101

168 633 343 681 ΠΕΡΙ
408 632 898 682 ΑΡΙΣΤΑΡΧΟΥ
963 634 1318 682 ΣΗΜΕΙΩΝ
1380 635 1698 682 ΙΛΙΑΔΟΣ

377 789 887 839 PRAEFATIONIS
935 789 1423 839 FRAGMENTUM
1442 790 1481 838 *.

917 959 955 968 ἢ-.

281 1129 288 1137 .
327 1129 336 1138 .
373 1090 396 1149 ἦ
421 1090 465 1138 τὸ
491 1091 584 1152 ἔφη’·
620 1094 638 1138 ὁ
664 1092 703 1138 δὲ
727 1095 840 1138 τοῦτο
861 1092 920 1152 μὴ
945 1091 1102 1148 νοήσας,
1128 1091 1239 1136 ἀλλὰ
1263 1094 1399 1147 λαβὼν
1422 1093 1544 1137 πάλιν
1567 1089 1611 1137 το
1635 1092 1695 1152 ςΐη

161 1166 246 1228 ἀντ-Σ
272 1175 339 1215 τοῦ
363 1171 416 1220 ιιι-ξ
443 1170 632 1224 ὑπέταξεν
657 1170 701 1216 εἰ(
723 1175 916 1232 περισσοῦ
942 1171 1012 1226 (Il.
1038 1188 1102 1226 14,
1127 1170 1246 1229 500.)

359 1270 539 1332 πέφραδέ
562 1292 605 1317 τε
629 1268 814 1334 Τρώεσσι
839 1269 906 1316 καὶ
931 1269 1142 1332 εὖχοῖαενος
1167 1269 1259 1322 ἐ’πος
1282 1269 1400 1328 ηὔδα.

164 1374 397 1429 σημειοῦται
435 1371 475 1417 δὲ
509 1370 605 1435 πρὸς
643 1369 707 1417 τὸν
742 1370 858 1418 αὐτὸν
893 1369 1162 1435 ἀπεριστίκτῳ
1204 1371 1327 1436 διπλῇ
1362 1370 1435 1423 τὰς
1472 1372 1697 1434 ὁμωνυμίας

161 1448 341 1505 ἁπάσας,
369 1449 426 1494 ὅτι
454 1448 494 1494 οὐ
520 1450 663 1506 νοήσας
688 1448 731 1495 τὸ
758 1455 927 1495 τοιοῦτον
952 1449 1124 1512 ’ἔγραψεν
1149 1450 1213 1496 ὁτὲ
1231 1449 1304 1510 μὲν
1331 1450 1610 1510 Πυλαιμένεα,
1631 1449 1697 1497 o‘rex

162 1525 202 1570 δὲ
246 1527 511 1587 Κυλαιμένεα.
576 1525 671 1589 πρὸς
711 1528 782 1587 μὲν
817 1527 862 1584 δὴ
905 1526 1118 1584 Ζηνόδοτον
1160 1527 1266 1590 αὐτῷ
1300 1530 1325 1586 ἦ
1363 1530 1582 1592 παράθεσις
1622 1535 1696 1586 τῆς

159 1604 492 1666 περιεστιγμένης
529 1604 672 1661 διπλῆς
707 1602 801 1667 πρὸς
837 1605 1009 1661 ἑκάστην
1038 1605 1199 1668 γραφὴν
1229 1605 1514 1669 ἀκριβέστερον
1546 1611 1693 1670 θεωρεῖ-

163 1703 242 1728 ται.
294 1681 357 1728 viv
382 1682 422 1728 δὲ
455 1681 770 1738 ἐβελὲνὲλαβεν
803 1682 846 1728 ἐκ
870 1688 943 1740 τῆς
967 1681 1178 1739 Ζηνοῧότου
1214 1680 1457 1745 διορθώσεως·
1493 1684 1692 1746 παρετίθει

217 1812 237 1834 *
273 1811 550 1860 Fragmentum
589 1811 660 1848 hoc
703 1815 897 1848 servatum

161 1870 219 1903 est
247 1865 287 1902 in
317 1865 457 1903 codicis
477 1865 620 1904 Veneti
649 1866 686 1902 A
714 1865 808 1902 folio
838 1878 897 1902 oc-

160 1923 260 1957 tavo.
319 1919 531 1957 Aristonici
551 1933 630 1957 esse
650 1920 898 1957 manifestum

160 1979 218 2011 est
238 1978 277 2011 et
296 1974 516 2023 planissime
532 1974 665 2011 docuit
677 1974 844 2012 Cobetus
857 1973 898 2010 in

161 2027 411 2078 Mnemosyne
448 2042 547 2066 nova
581 2028 652 2065 vol.
691 2041 706 2065 1
749 2042 783 2078 p.
819 2031 897 2065 28-

163 2095 223 2129 34.
261 2082 365 2119 Nam
381 2096 499 2132 quum
514 2082 753 2132 marginibus
768 2086 898 2120 textus

162 2136 359 2173 Homerici
389 2141 511 2184 σημεῖα
535 2136 750 2174 Aristarchi
779 2149 897 2186 appo-

161 2190 235 2227 sita
264 2195 399 2237 essent,
422 2191 463 2227 in
492 2191 645 2228 scholiis
665 2204 754 2229 vero
784 2204 898 2240 expo-

159 2244 277 2281 situm
324 2249 421 2282 esset
461 2259 529 2282 cur
566 2244 810 2282 Aristarchus
848 2245 896 2282 ad

161 2312 352 2348 quemque
404 2300 529 2336 locum
576 2299 727 2349 singula
774 2303 896 2346 σημεῖα

159 2353 360 2399 addiderit,
375 2353 623 2391 Aristonicus
643 2354 689 2390 de
712 2353 804 2403 ipsis
834 2370 896 2399 ση-

159 2409 264 2452 μείοις
291 2408 332 2444 in
356 2408 590 2454 universum,
611 2411 651 2445 et
673 2421 770 2457 quae
799 2410 899 2445 esset

161 2473 291 2497 eorum
320 2462 419 2499 ratio
448 2467 486 2499 et
509 2475 610 2507 usus,
641 2462 682 2498 in
711 2462 897 2511 anipiiore

162 2515 340 2563 exposuit
368 2515 617 2562 Praefatione,
651 2516 760 2553 cuius
794 2529 897 2552 nunc

161 2568 275 2605 breve
312 2572 466 2606 tantum
503 2575 677 2619 superest
705 2570 896 2620 fragmen-

160 2626 253 2659 tum.

217 2689 252 2722 4.
283 2673 319 2728 ἧ]
350 2676 518 2714 Videtur
550 2675 572 2723 ᾗ
604 2690 695 2723 esse,
726 2678 894 2726 pendens

160 2730 263 2767 haud
286 2730 399 2767 dubie
427 2730 475 2767 ab
502 2730 564 2775 ἵνα,
594 2731 696 2779 quod
724 2744 892 2780 praeces-

160 2789 271 2822 serat.

215 2835 336 2890 πάλιν]
364 2841 468 2875 πάλιν
488 2837 592 2883 dicit,
614 2837 704 2887 quia
724 2838 893 2875 Zenodo-

159 2896 223 2929 tus
261 2892 422 2929 eundem
454 2905 621 2929 errorem
654 2891 894 2929 commiserat

160 2945 201 2982 in
220 2959 333 2983 versu
362 2946 496 2983 Iliadis
534 2959 565 2990 2,
593 2958 678 2992 144,
706 2945 772 2982 ubi
800 2944 892 2982 Ari-

159 3000 328 3037 stonicus
374 3000 573 3038 annotavit
621 3001 671 3035 ὅτι
710 3000 894 3045 Ζηνόδοτος

213 3087 301 3114 von.
325 3089 350 3113 1.
444 3082 494 3147 ss

914 3087 937 3114 B

953 1813 1080 1858 γράφει
1103 1813 1153 1857 φὴ
1181 1811 1319 1857 κύματα.
1349 1813 1511 1847 οὐδέποτε
1532 1814 1568 1847 δέ
1581 1812 1690 1858 ’Όμη-

952 1881 1012 1912 ρος
1050 1868 1088 1901 τὸ
1127 1865 1177 1912 φή
1223 1866 1295 1900 ἀντὶ
1341 1869 1402 1901 τοῦ
1449 1867 1494 1903 ὡς
1539 1868 1690 1913 τέταχεν.

954 1918 1108 1956 Monuit
1127 1918 1295 1957 Cobetus
1316 1933 1349 1968 p.
1375 1932 1436 1967 34.

1012 1982 1046 2021 7.
1085 1976 1145 2010 τὰς
1181 1971 1387 2026 ὁμωνυμίας]
1429 1973 1537 2013 Conf.
1576 1974 1690 2012 schol.

954 2026 1172 2065 Aristonici
1198 2027 1246 2064 ad
1267 2027 1310 2064 Il.
1333 2041 1366 2073 2,
1390 2030 1464 2077 837
1492 2030 1692 2074 ἐσημειοῦτο

955 2084 991 2118 δέ
1012 2085 1029 2117 ὁ
1049 2083 1278 2129 Ἀρίσταρχος
1303 2084 1362 2119 τὰς
1388 2085 1579 2128 ὁμωνυμίας
1607 2087 1693 2131 πρὸς

954 2138 994 2172 τὰ
1029 2139 1106 2184 περὶ
1133 2138 1376 2182 Πυλαιμένους.
1445 2136 1692 2186 Pylaemenes

954 2193 1191 2227 memoratur
1220 2190 1265 2227 Il.
1302 2204 1333 2236 2,
1366 2193 1455 2238 851.
1478 2201 1513 2238 5,
1537 2193 1625 2238 576.
1652 2196 1692 2228 et

958 2257 1017 2293 13,
1045 2246 1133 2292 643.
1192 2245 1294 2282 Loco
1325 2245 1440 2282 tertio
1475 2245 1690 2282 Zenodotus

952 2301 1179 2345 Κυλαιμένεος
1208 2299 1312 2347 legit,
1345 2299 1391 2336 de
1421 2312 1496 2348 quo
1525 2299 1690 2337 videnda

953 2366 1049 2402 quae
1069 2352 1169 2390 dixit
1189 2353 1416 2390 Eustathius
1436 2367 1471 2402 p.
1496 2364 1584 2402 953.

1014 2420 1071 2444 11.
1103 2410 1163 2443 τὸν
1187 2409 1222 2443 δέ
1246 2405 1442 2460 ὀβελὸν-]
1464 2407 1527 2444 Ex
1547 2408 1689 2444 scholio

951 2461 1164 2498 Aristonici
1192 2461 1240 2497 ad
1269 2461 1403 2510 Odyss.
1437 2475 1472 2509 3,
1504 2471 1549 2509 71
1583 2462 1688 2498 vide-

952 2529 1035 2552 mus
1057 2514 1355 2564 Aristophanem
1384 2515 1518 2553 iisdem
1539 2518 1690 2561 σημείοις

952 2569 1090 2619 quibus
1128 2569 1395 2606 Aristarchum
1436 2582 1549 2607 usum
1596 2582 1686 2615 esse,

953 2626 1090 2667 ὀβελοῖς
1122 2623 1202 2660 Sive
1241 2623 1437 2666 ὀβελίσκοις
1475 2626 1514 2660 et
1551 2624 1686 2670 ἀστερί-

951 2694 1058 2714 σκοις.
1140 2677 1380 2713 Zenodotum
1427 2690 1470 2713 ea
1518 2676 1687 2726 primum

950 2731 1133 2780 reperisse
1176 2730 1357 2779 suspicor,
1396 2730 1497 2767 unde
1535 2730 1687 2769 Aristo-

949 2785 1123 2834 phanem,
1159 2784 1297 2821 deinde
1343 2786 1382 2821 et
1417 2784 1686 2822 Aristarchum

951 2838 1139 2884 sumsisse,
1180 2842 1225 2874 ut
1270 2837 1411 2875 diserte
1444 2839 1686 2877 Aristonicus

950 2892 1043 2929 dicit
1081 2895 1140 2928 τὸν
1173 2894 1209 2927 δὲ
1240 2893 1366 2935 ὀβελὸν
1402 2892 1528 2935 ἔλαβεν
1560 2895 1596 2929 ἐκ
1629 2897 1687 2939 τῆς

950 2948 1136 2991 Ζηνοδότου
1168 2947 1393 2993 διορθώσεως.
1433 2946 1614 2986 COBET.
1646 2961 1683 2997 p.

1716 1188 1738 1225 5

1718 1623 1764 1648 10
