<?xml version="1.0" encoding="UTF-8"?>
<!DOCTYPE html PUBLIC "-//W3C//DTD XHTML 1.0 Transitional//EN"
    "http://www.w3.org/TR/xhtml1/DTD/xhtml1-transitional.dtd">
<html xmlns="http://www.w3.org/1999/xhtml" xml:lang="en" lang="en">
 <head>
  <title>
</title>
<meta http-equiv="Content-Type" content="text/html;charset=utf-8" />
  <meta name='ocr-system' content='tesseract 3.04.00' />
  <meta name='ocr-capabilities' content='ocr_page ocr_carea ocr_par ocr_line ocrx_word'/>
</head>
<body>
  <div class='ocr_page' id='page_1' title='image "./scholiagraecainh01homeuoft_0033.png"; bbox 0 0 2000 3276; ppageno 0'>
   <div class='ocr_carea' id='block_1_1' title="bbox 891 508 927 557">
    <p class='ocr_par' dir='ltr' id='par_1_1' title="bbox 891 508 927 557">
     <span class='ocr_line' id='line_1_1' title="bbox 891 508 927 557; baseline 0.056 -2"><span class='ocrx_word' id='word_1_1' title='bbox 891 508 927 557; x_wconf 94' lang='grc' dir='ltr'>Ι.</span> 
     </span>
    </p>
   </div>
   <div class='ocr_carea' id='block_1_2' title="bbox 189 669 1627 724">
    <p class='ocr_par' dir='ltr' id='par_1_2' title="bbox 189 669 1627 724">
     <span class='ocr_line' id='line_1_2' title="bbox 189 669 1627 724; baseline -0.004 0"><span class='ocrx_word' id='word_1_2' title='bbox 189 673 545 724; x_wconf 82' lang='lat' dir='ltr'><strong>EXOERPTA</strong></span> <span class='ocrx_word' id='word_1_3' title='bbox 591 672 685 721; x_wconf 87' lang='lat' dir='ltr'>EX</span> <span class='ocrx_word' id='word_1_4' title='bbox 732 671 981 722; x_wconf 79' lang='lat' dir='ltr'>PROOLI</span> <span class='ocrx_word' id='word_1_5' title='bbox 1031 669 1627 720; x_wconf 77' lang='lat' dir='ltr'>CHRESTOMATHIA.</span> 
     </span>
    </p>
   </div>
   <div class='ocr_carea' id='block_1_3' title="bbox 141 836 1676 910">
    <p class='ocr_par' dir='ltr' id='par_1_3' title="bbox 141 836 1676 910">
     <span class='ocr_line' id='line_1_3' title="bbox 141 836 1676 910; baseline -0.002 -17"><span class='ocrx_word' id='word_1_6' title='bbox 141 841 368 910; x_wconf 85' lang='grc' dir='ltr'>Πρόκλου</span> <span class='ocrx_word' id='word_1_7' title='bbox 406 842 790 910; x_wconf 79' lang='grc' dir='ltr'>χρηστομαθείας</span> <span class='ocrx_word' id='word_1_8' title='bbox 832 844 1164 909; x_wconf 78' lang='grc' dir='ltr'>γραμματικῆς</span> <span class='ocrx_word' id='word_1_9' title='bbox 1203 844 1296 893; x_wconf 82' lang='grc' dir='ltr'>τῶν</span> <span class='ocrx_word' id='word_1_10' title='bbox 1334 843 1397 894; x_wconf 80' lang='grc' dir='ltr'>εἷς</span> <span class='ocrx_word' id='word_1_11' title='bbox 1435 836 1474 891; x_wconf 81' lang='grc' dir='ltr'>δ’</span> <span class='ocrx_word' id='word_1_12' title='bbox 1515 842 1676 908; x_wconf 88' lang='grc' dir='ltr'>διῃρη-</span> 
     </span>
    </p>
   </div>
   <div class='ocr_carea' id='block_1_4' title="bbox 730 925 1080 992">
    <p class='ocr_par' dir='ltr' id='par_1_4' title="bbox 730 925 1080 992">
     <span class='ocr_line' id='line_1_4' title="bbox 730 925 1080 992; baseline 0.003 -15"><span class='ocrx_word' id='word_1_13' title='bbox 730 925 887 992; x_wconf 76' lang='grc' dir='ltr'>μένων</span> <span class='ocrx_word' id='word_1_14' title='bbox 925 925 980 978; x_wconf 77' lang='grc' dir='ltr'>τὸ</span> <span class='ocrx_word' id='word_1_15' title='bbox 1021 926 1080 978; x_wconf 85' lang='grc' dir='ltr'>α’.</span> 
     </span>
    </p>
   </div>
   <div class='ocr_carea' id='block_1_5' title="bbox 291 1034 1527 1100">
    <p class='ocr_par' dir='ltr' id='par_1_5' title="bbox 291 1034 1527 1100">
     <span class='ocr_line' id='line_1_5' title="bbox 291 1034 1527 1100; baseline -0.011 -5"><span class='ocrx_word' id='word_1_16' title='bbox 291 1036 470 1099; x_wconf 55' lang='grc' dir='ltr'>εΟμῆρθυ</span> <span class='ocrx_word' id='word_1_17' title='bbox 492 1034 638 1099; x_wconf 62' lang='grc' dir='ltr'><em>χρόνοι,</em></span> <span class='ocrx_word' id='word_1_18' title='bbox 663 1034 769 1090; x_wconf 70' lang='grc' dir='ltr'><strong><em>βίος,</em></strong></span> <span class='ocrx_word' id='word_1_19' title='bbox 793 1036 1023 1100; x_wconf 66' lang='grc' dir='ltr'>χαρακτὴρ,</span> <span class='ocrx_word' id='word_1_20' title='bbox 1047 1035 1263 1100; x_wconf 66' lang='grc' dir='ltr'>ἀναγραφὴ</span> <span class='ocrx_word' id='word_1_21' title='bbox 1287 1035 1527 1096; x_wconf 79' lang='grc' dir='ltr'>ποιημάτων.</span> 
     </span>
    </p>
   </div>
   <div class='ocr_carea' id='block_1_6' title="bbox 211 1134 1682 1199">
    <p class='ocr_par' dir='ltr' id='par_1_6' title="bbox 211 1134 1682 1199">
     <span class='ocr_line' id='line_1_6' title="bbox 211 1134 1682 1199; baseline -0.002 -16"><span class='ocrx_word' id='word_1_22' title='bbox 211 1139 395 1183; x_wconf 89' lang='grc' dir='ltr'>ἘΠΩΝ</span> <span class='ocrx_word' id='word_1_23' title='bbox 420 1135 582 1194; x_wconf 72' lang='grc' dir='ltr'>ποιηταὶ</span> <span class='ocrx_word' id='word_1_24' title='bbox 600 1135 791 1199; x_wconf 73' lang='grc' dir='ltr'>γεγόνασι</span> <span class='ocrx_word' id='word_1_25' title='bbox 811 1137 967 1183; x_wconf 80' lang='grc' dir='ltr'>πολλοί·</span> <span class='ocrx_word' id='word_1_26' title='bbox 1004 1137 1147 1184; x_wconf 79' lang='grc' dir='ltr'>τούτων</span> <span class='ocrx_word' id='word_1_27' title='bbox 1166 1135 1199 1182; x_wconf 71' lang='grc' dir='ltr'>δ’</span> <span class='ocrx_word' id='word_1_28' title='bbox 1219 1134 1299 1183; x_wconf 71' lang='grc' dir='ltr'><em>εἶσὶ</em></span> <span class='ocrx_word' id='word_1_29' title='bbox 1319 1137 1526 1198; x_wconf 77' lang='grc' dir='ltr'>κράτιστοι</span> <span class='ocrx_word' id='word_1_30' title='bbox 1540 1134 1682 1195; x_wconf 63' lang='grc' dir='ltr'>’Όμη-</span> 
     </span>
    </p>
   </div>
   <div class='ocr_carea' id='block_1_7' title="bbox 144 1210 1681 1278">
    <p class='ocr_par' dir='ltr' id='par_1_7' title="bbox 144 1210 1681 1278">
     <span class='ocr_line' id='line_1_7' title="bbox 144 1210 1681 1278; baseline -0.002 -17"><span class='ocrx_word' id='word_1_31' title='bbox 144 1236 208 1278; x_wconf 80' lang='grc' dir='ltr'>ρος</span> <span class='ocrx_word' id='word_1_32' title='bbox 230 1214 420 1267; x_wconf 73' lang='grc' dir='ltr'>Ἱ-Ισίοὸος</span> <span class='ocrx_word' id='word_1_33' title='bbox 446 1213 694 1278; x_wconf 69' lang='grc' dir='ltr'>Πείσανδρος</span> <span class='ocrx_word' id='word_1_34' title='bbox 719 1214 963 1268; x_wconf 74' lang='grc' dir='ltr'>Πανύασσις</span> <span class='ocrx_word' id='word_1_35' title='bbox 987 1215 1241 1278; x_wconf 82' lang='grc' dir='ltr'>Ἀντίμαχος.</span> <span class='ocrx_word' id='word_1_36' title='bbox 1298 1212 1486 1277; x_wconf 43' lang='grc' dir='ltr'>(Όμηρος</span> <span class='ocrx_word' id='word_1_37' title='bbox 1516 1213 1589 1275; x_wconf 72' lang='grc' dir='ltr'>μὲν</span> <span class='ocrx_word' id='word_1_38' title='bbox 1620 1210 1681 1259; x_wconf 63' lang='grc' dir='ltr'>οἶν</span> 
     </span>
    </p>
   </div>
   <div class='ocr_carea' id='block_1_8' title="bbox 144 1289 1681 1357">
    <p class='ocr_par' dir='ltr' id='par_1_8' title="bbox 144 1289 1681 1357">
     <span class='ocr_line' id='line_1_8' title="bbox 144 1289 1681 1357; baseline -0.001 -18"><span class='ocrx_word' id='word_1_39' title='bbox 144 1292 252 1340; x_wconf 78' lang='grc' dir='ltr'>τίνων</span> <span class='ocrx_word' id='word_1_40' title='bbox 279 1294 415 1355; x_wconf 66' lang='grc' dir='ltr'>’γονέων</span> <span class='ocrx_word' id='word_1_41' title='bbox 438 1291 462 1351; x_wconf 69' lang='grc' dir='ltr'>ἢ</span> <span class='ocrx_word' id='word_1_42' title='bbox 486 1292 603 1345; x_wconf 77' lang='grc' dir='ltr'>ποίας</span> <span class='ocrx_word' id='word_1_43' title='bbox 634 1292 785 1355; x_wconf 75' lang='grc' dir='ltr'>ἐγένετο</span> <span class='ocrx_word' id='word_1_44' title='bbox 809 1289 1010 1355; x_wconf 68' lang='grc' dir='ltr'>πατρίδος,</span> <span class='ocrx_word' id='word_1_45' title='bbox 1038 1294 1078 1340; x_wconf 79' lang='grc' dir='ltr'>οὗ</span> <span class='ocrx_word' id='word_1_46' title='bbox 1107 1291 1237 1357; x_wconf 69' lang='grc' dir='ltr'>ῥᾴδιον</span> <span class='ocrx_word' id='word_1_47' title='bbox 1259 1292 1555 1352; x_wconf 78' lang='grc' dir='ltr'>ἀποφήνασθαι·</span> <span class='ocrx_word' id='word_1_48' title='bbox 1593 1290 1681 1338; x_wconf 68' lang='grc' dir='ltr'>οὔτε</span> 
     </span>
    </p>
   </div>
   <div class='ocr_carea' id='block_1_9' title="bbox 143 1368 1682 1436">
    <p class='ocr_par' dir='ltr' id='par_1_9' title="bbox 143 1368 1682 1436">
     <span class='ocr_line' id='line_1_9' title="bbox 178 1368 1405 1390; baseline -0.001 -3"><span class='ocrx_word' id='word_1_49' title='bbox 178 1371 191 1387; x_wconf 62' lang='grc' dir='ltr'><strong>Χ</strong></span> <span class='ocrx_word' id='word_1_50' title='bbox 297 1371 306 1386; x_wconf 73' lang='grc'><em>3</em></span> <span class='ocrx_word' id='word_1_51' title='bbox 349 1369 360 1386; x_wconf 88' lang='grc' dir='ltr'><em>Ι</em></span> <span class='ocrx_word' id='word_1_52' title='bbox 558 1372 570 1390; x_wconf 75' lang='grc' dir='ltr'><em>Ι</em></span> <span class='ocrx_word' id='word_1_53' title='bbox 746 1371 756 1386; x_wconf 70' lang='lat'>9</span> <span class='ocrx_word' id='word_1_54' title='bbox 816 1369 825 1385; x_wconf 68' lang='grc'><strong>9</strong></span> <span class='ocrx_word' id='word_1_55' title='bbox 882 1370 891 1386; x_wconf 70' lang='grc'><strong>9</strong></span> <span class='ocrx_word' id='word_1_56' title='bbox 921 1371 933 1387; x_wconf 59' lang='lat' dir='ltr'>X</span> <span class='ocrx_word' id='word_1_57' title='bbox 995 1372 1007 1386; x_wconf 60' lang='grc' dir='ltr'><strong><em>θ</em></strong></span> <span class='ocrx_word' id='word_1_58' title='bbox 1110 1369 1121 1388; x_wconf 53' lang='grc' dir='ltr'>ἱ</span> <span class='ocrx_word' id='word_1_59' title='bbox 1197 1371 1206 1386; x_wconf 69' lang='lat'><em>5</em></span> <span class='ocrx_word' id='word_1_60' title='bbox 1258 1375 1276 1385; x_wconf 70' lang='grc' dir='ltr'>Ν</span> <span class='ocrx_word' id='word_1_61' title='bbox 1340 1370 1349 1386; x_wconf 74' lang='lat'><em>9</em></span> <span class='ocrx_word' id='word_1_62' title='bbox 1394 1368 1405 1386; x_wconf 82' lang='grc' dir='ltr'><em>Ι</em></span> 
     </span>
     <span class='ocr_line' id='line_1_10' title="bbox 143 1371 1682 1436; baseline -0.001 -20"><span class='ocrx_word' id='word_1_63' title='bbox 143 1392 221 1434; x_wconf 74' lang='grc' dir='ltr'>γαρ</span> <span class='ocrx_word' id='word_1_64' title='bbox 258 1393 378 1423; x_wconf 82' lang='grc' dir='ltr'>αντος</span> <span class='ocrx_word' id='word_1_65' title='bbox 401 1393 440 1417; x_wconf 83' lang='grc' dir='ltr'>τι</span> <span class='ocrx_word' id='word_1_66' title='bbox 466 1381 706 1428; x_wconf 82' lang='grc' dir='ltr'>λελαληκεν,</span> <span class='ocrx_word' id='word_1_67' title='bbox 733 1381 816 1416; x_wconf 80' lang='grc' dir='ltr'>αλλ</span> <span class='ocrx_word' id='word_1_68' title='bbox 852 1371 936 1417; x_wconf 73' lang='grc' dir='ltr'>ονδε</span> <span class='ocrx_word' id='word_1_69' title='bbox 969 1393 1001 1418; x_wconf 85' lang='grc' dir='ltr'>οι</span> <span class='ocrx_word' id='word_1_70' title='bbox 1032 1392 1119 1436; x_wconf 78' lang='grc' dir='ltr'>περι</span> <span class='ocrx_word' id='word_1_71' title='bbox 1157 1392 1278 1418; x_wconf 82' lang='grc' dir='ltr'>αντου</span> <span class='ocrx_word' id='word_1_72' title='bbox 1313 1391 1488 1422; x_wconf 74' lang='grc' dir='ltr'>ειποντες</span> <span class='ocrx_word' id='word_1_73' title='bbox 1526 1391 1682 1430; x_wconf 83' lang='grc' dir='ltr'>συμπε-</span> 
     </span>
    </p>
   </div>
   <div class='ocr_carea' id='block_1_10' title="bbox 151 1488 899 3052">
    <p class='ocr_par' dir='ltr' id='par_1_10' title="bbox 151 1488 899 3052">
     <span class='ocr_line' id='line_1_11' title="bbox 208 1488 886 1538; baseline -0.001 -12"><span class='ocrx_word' id='word_1_74' title='bbox 208 1503 240 1527; x_wconf 90' lang='lat'>2.</span> <span class='ocrx_word' id='word_1_75' title='bbox 294 1489 487 1538; x_wconf 83' lang='lat' dir='ltr'>Excerpta</span> <span class='ocrx_word' id='word_1_76' title='bbox 525 1488 617 1526; x_wconf 82' lang='lat' dir='ltr'>haec</span> <span class='ocrx_word' id='word_1_77' title='bbox 665 1502 712 1526; x_wconf 86' lang='lat' dir='ltr'>ex</span> <span class='ocrx_word' id='word_1_78' title='bbox 761 1488 886 1526; x_wconf 88' lang='lat' dir='ltr'>Procli</span> 
     </span>
     <span class='ocr_line' id='line_1_12' title="bbox 151 1542 887 1592; baseline -0.001 -11"><span class='ocrx_word' id='word_1_79' title='bbox 151 1543 461 1582; x_wconf 82' lang='lat' dir='ltr'>Chrestomathia</span> <span class='ocrx_word' id='word_1_80' title='bbox 479 1542 662 1592; x_wconf 83' lang='lat' dir='ltr'>leguntur</span> <span class='ocrx_word' id='word_1_81' title='bbox 683 1543 723 1579; x_wconf 89' lang='lat' dir='ltr'>in</span> <span class='ocrx_word' id='word_1_82' title='bbox 744 1542 887 1580; x_wconf 88' lang='lat' dir='ltr'>codicis</span> 
     </span>
     <span class='ocr_line' id='line_1_13' title="bbox 151 1596 889 1646; baseline -0.001 -11"><span class='ocrx_word' id='word_1_83' title='bbox 151 1596 291 1635; x_wconf 89' lang='lat' dir='ltr'>Veneti</span> <span class='ocrx_word' id='word_1_84' title='bbox 312 1606 389 1645; x_wconf 89' lang='lat'>454</span> <span class='ocrx_word' id='word_1_85' title='bbox 419 1596 521 1633; x_wconf 84' lang='lat' dir='ltr'>foliis</span> <span class='ocrx_word' id='word_1_86' title='bbox 549 1596 684 1646; x_wconf 84' lang='lat' dir='ltr'>primo,</span> <span class='ocrx_word' id='word_1_87' title='bbox 714 1599 821 1634; x_wconf 83' lang='lat' dir='ltr'>sexto</span> <span class='ocrx_word' id='word_1_88' title='bbox 851 1600 889 1634; x_wconf 88' lang='lat' dir='ltr'>et</span> 
     </span>
     <span class='ocr_line' id='line_1_14' title="bbox 151 1649 890 1701; baseline -0.001 -12"><span class='ocrx_word' id='word_1_89' title='bbox 151 1656 299 1701; x_wconf 85' lang='lat' dir='ltr'>quarto.</span> <span class='ocrx_word' id='word_1_90' title='bbox 361 1649 567 1700; x_wconf 82' lang='lat' dir='ltr'>Ampliora</span> <span class='ocrx_word' id='word_1_91' title='bbox 595 1664 643 1688; x_wconf 89' lang='lat' dir='ltr'>ex</span> <span class='ocrx_word' id='word_1_92' title='bbox 675 1650 747 1687; x_wconf 92' lang='lat' dir='ltr'>hoc</span> <span class='ocrx_word' id='word_1_93' title='bbox 776 1663 890 1699; x_wconf 89' lang='lat' dir='ltr'>opere</span> 
     </span>
     <span class='ocr_line' id='line_1_15' title="bbox 151 1704 888 1754; baseline -0.003 -11"><span class='ocrx_word' id='word_1_94' title='bbox 151 1710 330 1754; x_wconf 85' lang='lat' dir='ltr'>excerpta</span> <span class='ocrx_word' id='word_1_95' title='bbox 358 1707 509 1743; x_wconf 81' lang='lat' dir='ltr'>servata</span> <span class='ocrx_word' id='word_1_96' title='bbox 537 1707 627 1742; x_wconf 90' lang='lat' dir='ltr'>sunt</span> <span class='ocrx_word' id='word_1_97' title='bbox 646 1717 668 1742; x_wconf 89' lang='lat' dir='ltr'>a</span> <span class='ocrx_word' id='word_1_98' title='bbox 689 1704 826 1742; x_wconf 85' lang='lat' dir='ltr'>Photio</span> <span class='ocrx_word' id='word_1_99' title='bbox 846 1704 888 1741; x_wconf 91' lang='lat' dir='ltr'>in</span> 
     </span>
     <span class='ocr_line' id='line_1_16' title="bbox 151 1758 888 1808; baseline -0.001 -11"><span class='ocrx_word' id='word_1_100' title='bbox 151 1759 412 1797; x_wconf 73' lang='lat' dir='ltr'>Bibliothecae</span> <span class='ocrx_word' id='word_1_101' title='bbox 440 1758 566 1796; x_wconf 73' lang='lat' dir='ltr'>codioee</span> <span class='ocrx_word' id='word_1_102' title='bbox 599 1772 674 1808; x_wconf 86' lang='lat'>239</span> <span class='ocrx_word' id='word_1_103' title='bbox 695 1772 732 1808; x_wconf 90' lang='lat' dir='ltr'>p.</span> <span class='ocrx_word' id='word_1_104' title='bbox 756 1761 888 1807; x_wconf 84' lang='lat'>318—</span> 
     </span>
     <span class='ocr_line' id='line_1_17' title="bbox 154 1812 887 1863; baseline 0 -13"><span class='ocrx_word' id='word_1_105' title='bbox 154 1826 244 1862; x_wconf 83' lang='lat'>322,</span> <span class='ocrx_word' id='word_1_106' title='bbox 279 1826 375 1863; x_wconf 88' lang='lat' dir='ltr'>quae</span> <span class='ocrx_word' id='word_1_107' title='bbox 413 1826 500 1850; x_wconf 89' lang='lat' dir='ltr'>cum</span> <span class='ocrx_word' id='word_1_108' title='bbox 538 1812 616 1850; x_wconf 89' lang='lat' dir='ltr'>suis</span> <span class='ocrx_word' id='word_1_109' title='bbox 649 1812 887 1862; x_wconf 87' lang='lat' dir='ltr'>aliorumque</span> 
     </span>
     <span class='ocr_line' id='line_1_18' title="bbox 152 1866 887 1917; baseline -0.003 -12"><span class='ocrx_word' id='word_1_110' title='bbox 152 1866 464 1906; x_wconf 76' lang='lat' dir='ltr'>annotationibus</span> <span class='ocrx_word' id='word_1_111' title='bbox 493 1866 723 1917; x_wconf 82' lang='lat' dir='ltr'>Sylburgius</span> <span class='ocrx_word' id='word_1_112' title='bbox 750 1867 793 1903; x_wconf 92' lang='lat' dir='ltr'>in</span> <span class='ocrx_word' id='word_1_113' title='bbox 820 1880 887 1916; x_wconf 87' lang='lat' dir='ltr'>ap-</span> 
     </span>
     <span class='ocr_line' id='line_1_19' title="bbox 151 1920 888 1973; baseline -0.001 -14"><span class='ocrx_word' id='word_1_114' title='bbox 151 1921 310 1973; x_wconf 89' lang='lat' dir='ltr'>pendice</span> <span class='ocrx_word' id='word_1_115' title='bbox 358 1921 406 1958; x_wconf 85' lang='lat' dir='ltr'>ad</span> <span class='ocrx_word' id='word_1_116' title='bbox 447 1920 647 1970; x_wconf 89' lang='lat' dir='ltr'>Apollonii</span> <span class='ocrx_word' id='word_1_117' title='bbox 683 1920 804 1958; x_wconf 87' lang='lat' dir='ltr'>libros</span> <span class='ocrx_word' id='word_1_118' title='bbox 842 1921 888 1958; x_wconf 90' lang='lat' dir='ltr'>de</span> 
     </span>
     <span class='ocr_line' id='line_1_20' title="bbox 152 1975 888 2026; baseline -0.003 -12"><span class='ocrx_word' id='word_1_119' title='bbox 152 1975 306 2026; x_wconf 87' lang='lat' dir='ltr'>syntaxi</span> <span class='ocrx_word' id='word_1_120' title='bbox 321 1975 442 2013; x_wconf 86' lang='lat' dir='ltr'>edidit</span> <span class='ocrx_word' id='word_1_121' title='bbox 457 1975 698 2013; x_wconf 84' lang='lat' dir='ltr'>Francofurti</span> <span class='ocrx_word' id='word_1_122' title='bbox 717 1989 749 2013; x_wconf 88' lang='lat' dir='ltr'>a.</span> <span class='ocrx_word' id='word_1_123' title='bbox 775 1985 888 2023; x_wconf 85' lang='grc'>1590,</span> 
     </span>
     <span class='ocr_line' id='line_1_21' title="bbox 152 2028 890 2081; baseline -0.003 -13"><span class='ocrx_word' id='word_1_124' title='bbox 152 2030 335 2081; x_wconf 87' lang='lat' dir='ltr'>repetivit</span> <span class='ocrx_word' id='word_1_125' title='bbox 354 2029 580 2067; x_wconf 83' lang='lat' dir='ltr'>Gaisfordus</span> <span class='ocrx_word' id='word_1_126' title='bbox 599 2029 639 2066; x_wconf 91' lang='lat' dir='ltr'>in</span> <span class='ocrx_word' id='word_1_127' title='bbox 663 2028 890 2079; x_wconf 87' lang='lat' dir='ltr'>Appendice</span> 
     </span>
     <span class='ocr_line' id='line_1_22' title="bbox 154 2083 886 2134; baseline -0.001 -12"><span class='ocrx_word' id='word_1_128' title='bbox 154 2085 203 2122; x_wconf 86' lang='lat' dir='ltr'>ad</span> <span class='ocrx_word' id='word_1_129' title='bbox 231 2083 561 2134; x_wconf 75' lang='lat' dir='ltr'>Hephaestionem</span> <span class='ocrx_word' id='word_1_130' title='bbox 589 2084 662 2122; x_wconf 89' lang='lat' dir='ltr'>vol.</span> <span class='ocrx_word' id='word_1_131' title='bbox 698 2097 711 2120; x_wconf 86' lang='lat'>1</span> <span class='ocrx_word' id='word_1_132' title='bbox 740 2097 777 2134; x_wconf 89' lang='lat' dir='ltr'>p.</span> <span class='ocrx_word' id='word_1_133' title='bbox 812 2092 886 2132; x_wconf 80' lang='lat'>337</span> 
     </span>
     <span class='ocr_line' id='line_1_23' title="bbox 154 2137 890 2189; baseline -0.003 -12"><span class='ocrx_word' id='word_1_134' title='bbox 154 2152 256 2189; x_wconf 82' lang='lat' dir='ltr'>seqq.</span> <span class='ocrx_word' id='word_1_135' title='bbox 286 2138 406 2175; x_wconf 85' lang='lat' dir='ltr'>Aliud</span> <span class='ocrx_word' id='word_1_136' title='bbox 420 2138 467 2175; x_wconf 87' lang='lat' dir='ltr'>de</span> <span class='ocrx_word' id='word_1_137' title='bbox 484 2137 637 2187; x_wconf 84' lang='lat' dir='ltr'>Cypriis</span> <span class='ocrx_word' id='word_1_138' title='bbox 657 2138 890 2176; x_wconf 83' lang='lat' dir='ltr'>carminibus</span> 
     </span>
     <span class='ocr_line' id='line_1_24' title="bbox 156 2191 890 2242; baseline -0.001 -12"><span class='ocrx_word' id='word_1_139' title='bbox 156 2196 381 2242; x_wconf 85' lang='lat' dir='ltr'>excerptum</span> <span class='ocrx_word' id='word_1_140' title='bbox 402 2206 449 2230; x_wconf 92' lang='lat' dir='ltr'>ex</span> <span class='ocrx_word' id='word_1_141' title='bbox 469 2192 598 2230; x_wconf 85' lang='lat' dir='ltr'>codice</span> <span class='ocrx_word' id='word_1_142' title='bbox 619 2192 781 2230; x_wconf 87' lang='lat' dir='ltr'>Homeri</span> <span class='ocrx_word' id='word_1_143' title='bbox 803 2191 890 2230; x_wconf 81' lang='lat' dir='ltr'>Sco-</span> 
     </span>
     <span class='ocr_line' id='line_1_25' title="bbox 155 2246 891 2296; baseline 0 -12"><span class='ocrx_word' id='word_1_144' title='bbox 155 2247 308 2284; x_wconf 84' lang='lat' dir='ltr'>rialensi</span> <span class='ocrx_word' id='word_1_145' title='bbox 340 2247 387 2284; x_wconf 87' lang='lat' dir='ltr'>ab</span> <span class='ocrx_word' id='word_1_146' title='bbox 424 2246 623 2296; x_wconf 81' lang='lat' dir='ltr'>Tychseno</span> <span class='ocrx_word' id='word_1_147' title='bbox 657 2246 891 2296; x_wconf 86' lang='lat' dir='ltr'>descriptum</span> 
     </span>
     <span class='ocr_line' id='line_1_26' title="bbox 156 2300 890 2351; baseline -0.001 -12"><span class='ocrx_word' id='word_1_148' title='bbox 156 2301 279 2339; x_wconf 85' lang='lat' dir='ltr'>edidit</span> <span class='ocrx_word' id='word_1_149' title='bbox 307 2300 487 2350; x_wconf 87' lang='lat' dir='ltr'>Heynius</span> <span class='ocrx_word' id='word_1_150' title='bbox 513 2300 721 2351; x_wconf 71' lang='lat' dir='ltr'>Gottingae</span> <span class='ocrx_word' id='word_1_151' title='bbox 740 2301 780 2338; x_wconf 92' lang='lat' dir='ltr'>in</span> <span class='ocrx_word' id='word_1_152' title='bbox 799 2300 890 2338; x_wconf 71' lang='lat' dir='ltr'>Bib-</span> 
     </span>
     <span class='ocr_line' id='line_1_27' title="bbox 155 2355 890 2405; baseline 0 -13"><span class='ocrx_word' id='word_1_153' title='bbox 155 2355 308 2393; x_wconf 71' lang='lat' dir='ltr'>liotheca</span> <span class='ocrx_word' id='word_1_154' title='bbox 342 2356 564 2392; x_wconf 72' lang='lat' dir='ltr'>literaturae</span> <span class='ocrx_word' id='word_1_155' title='bbox 597 2356 766 2405; x_wconf 71' lang='lat' dir='ltr'>artisque</span> <span class='ocrx_word' id='word_1_156' title='bbox 799 2361 890 2392; x_wconf 75' lang='lat' dir='ltr'>vete-</span> 
     </span>
     <span class='ocr_line' id='line_1_28' title="bbox 157 2408 892 2458; baseline -0.001 -11"><span class='ocrx_word' id='word_1_157' title='bbox 157 2423 247 2447; x_wconf 78' lang='lat' dir='ltr'>rum</span> <span class='ocrx_word' id='word_1_158' title='bbox 259 2409 343 2447; x_wconf 82' lang='lat' dir='ltr'>fasc.</span> <span class='ocrx_word' id='word_1_159' title='bbox 360 2409 497 2458; x_wconf 87' lang='lat' dir='ltr'>primo.</span> <span class='ocrx_word' id='word_1_160' title='bbox 520 2408 745 2447; x_wconf 86' lang='lat' dir='ltr'>Accuratius</span> <span class='ocrx_word' id='word_1_161' title='bbox 751 2422 841 2446; x_wconf 88' lang='lat' dir='ltr'>vero</span> <span class='ocrx_word' id='word_1_162' title='bbox 854 2413 892 2446; x_wconf 87' lang='lat' dir='ltr'>et</span> 
     </span>
     <span class='ocr_line' id='line_1_29' title="bbox 156 2463 893 2513; baseline 0 -13"><span class='ocrx_word' id='word_1_163' title='bbox 156 2463 305 2501; x_wconf 87' lang='lat' dir='ltr'>doctius</span> <span class='ocrx_word' id='word_1_164' title='bbox 335 2463 427 2501; x_wconf 81' lang='lat' dir='ltr'>haec</span> <span class='ocrx_word' id='word_1_165' title='bbox 455 2463 582 2500; x_wconf 83' lang='lat' dir='ltr'>omnia</span> <span class='ocrx_word' id='word_1_166' title='bbox 609 2468 893 2513; x_wconf 83' lang='lat' dir='ltr'>pertractarunt</span> 
     </span>
     <span class='ocr_line' id='line_1_30' title="bbox 158 2517 895 2567; baseline 0 -13"><span class='ocrx_word' id='word_1_167' title='bbox 158 2517 386 2554; x_wconf 54' lang='lat' dir='ltr'>WVelckerus</span> <span class='ocrx_word' id='word_1_168' title='bbox 401 2517 441 2554; x_wconf 89' lang='lat' dir='ltr'>in</span> <span class='ocrx_word' id='word_1_169' title='bbox 456 2517 556 2554; x_wconf 87' lang='lat' dir='ltr'>libro</span> <span class='ocrx_word' id='word_1_170' title='bbox 575 2517 622 2554; x_wconf 86' lang='lat' dir='ltr'>de</span> <span class='ocrx_word' id='word_1_171' title='bbox 639 2517 754 2566; x_wconf 83' lang='lat' dir='ltr'>Cyclo</span> <span class='ocrx_word' id='word_1_172' title='bbox 774 2517 895 2567; x_wconf 89' lang='lat' dir='ltr'>Epico</span> 
     </span>
     <span class='ocr_line' id='line_1_31' title="bbox 161 2570 894 2620; baseline 0.003 -14"><span class='ocrx_word' id='word_1_173' title='bbox 161 2570 316 2607; x_wconf 86' lang='lat' dir='ltr'>Bonnae</span> <span class='ocrx_word' id='word_1_174' title='bbox 363 2571 465 2608; x_wconf 85' lang='lat' dir='ltr'>edito</span> <span class='ocrx_word' id='word_1_175' title='bbox 507 2585 540 2609; x_wconf 90' lang='lat' dir='ltr'>a.</span> <span class='ocrx_word' id='word_1_176' title='bbox 585 2574 685 2620; x_wconf 85' lang='lat'>1835</span> <span class='ocrx_word' id='word_1_177' title='bbox 725 2576 763 2610; x_wconf 87' lang='lat' dir='ltr'>et</span> <span class='ocrx_word' id='word_1_178' title='bbox 801 2572 894 2610; x_wconf 80' lang='lat' dir='ltr'>Otto</span> 
     </span>
     <span class='ocr_line' id='line_1_32' title="bbox 161 2624 895 2675; baseline 0.003 -15"><span class='ocrx_word' id='word_1_179' title='bbox 161 2624 320 2661; x_wconf 80' lang='lat' dir='ltr'>Iahnius</span> <span class='ocrx_word' id='word_1_180' title='bbox 343 2624 382 2660; x_wconf 88' lang='lat' dir='ltr'>in</span> <span class='ocrx_word' id='word_1_181' title='bbox 407 2638 519 2673; x_wconf 88' lang='lat' dir='ltr'>opere</span> <span class='ocrx_word' id='word_1_182' title='bbox 547 2626 651 2675; x_wconf 83' lang='lat' dir='ltr'>quod</span> <span class='ocrx_word' id='word_1_183' title='bbox 679 2629 765 2674; x_wconf 87' lang='lat' dir='ltr'>post</span> <span class='ocrx_word' id='word_1_184' title='bbox 793 2639 895 2663; x_wconf 90' lang='lat' dir='ltr'>mor-</span> 
     </span>
     <span class='ocr_line' id='line_1_33' title="bbox 161 2677 892 2726; baseline 0.001 -11"><span class='ocrx_word' id='word_1_185' title='bbox 161 2682 240 2715; x_wconf 85' lang='lat' dir='ltr'>tem</span> <span class='ocrx_word' id='word_1_186' title='bbox 277 2677 359 2714; x_wconf 89' lang='lat' dir='ltr'>eius</span> <span class='ocrx_word' id='word_1_187' title='bbox 405 2678 526 2715; x_wconf 85' lang='lat' dir='ltr'>edidit</span> <span class='ocrx_word' id='word_1_188' title='bbox 570 2678 642 2715; x_wconf 83' lang='lat' dir='ltr'>Ad.</span> <span class='ocrx_word' id='word_1_189' title='bbox 683 2679 892 2726; x_wconf 81' lang='lat' dir='ltr'>Michaelis,</span> 
     </span>
     <span class='ocr_line' id='line_1_34' title="bbox 161 2731 899 2770; baseline 0.001 -1"><span class='ocrx_word' id='word_1_190' title='bbox 161 2731 419 2770; x_wconf 75' lang='lat' dir='ltr'>“Griechisohe</span> <span class='ocrx_word' id='word_1_191' title='bbox 431 2731 788 2769; x_wconf 55' lang='lat' dir='ltr'>Bilderchonikeff&#39;</span> <span class='ocrx_word' id='word_1_192' title='bbox 797 2733 899 2770; x_wconf 89' lang='lat' dir='ltr'>Bon-</span> 
     </span>
     <span class='ocr_line' id='line_1_35' title="bbox 162 2785 898 2834; baseline 0.001 -11"><span class='ocrx_word' id='word_1_193' title='bbox 162 2799 232 2823; x_wconf 78' lang='lat' dir='ltr'>nae</span> <span class='ocrx_word' id='word_1_194' title='bbox 253 2788 321 2834; x_wconf 85' lang='lat'>187</span> <span class='ocrx_word' id='word_1_195' title='bbox 331 2798 351 2833; x_wconf 87' lang='lat'>3</span> <span class='ocrx_word' id='word_1_196' title='bbox 370 2789 408 2823; x_wconf 90' lang='lat' dir='ltr'>et</span> <span class='ocrx_word' id='word_1_197' title='bbox 423 2785 468 2822; x_wconf 88' lang='lat' dir='ltr'>R.</span> <span class='ocrx_word' id='word_1_198' title='bbox 485 2785 628 2823; x_wconf 82' lang='lat' dir='ltr'>Stiehle</span> <span class='ocrx_word' id='word_1_199' title='bbox 644 2786 685 2823; x_wconf 91' lang='lat' dir='ltr'>in</span> <span class='ocrx_word' id='word_1_200' title='bbox 701 2786 898 2834; x_wconf 83' lang='lat' dir='ltr'>Philologo</span> 
     </span>
     <span class='ocr_line' id='line_1_36' title="bbox 163 2839 895 2889; baseline -0.003 -11"><span class='ocrx_word' id='word_1_201' title='bbox 163 2840 237 2878; x_wconf 87' lang='lat' dir='ltr'>vol.</span> <span class='ocrx_word' id='word_1_202' title='bbox 253 2843 275 2877; x_wconf 88' lang='lat'>8</span> <span class='ocrx_word' id='word_1_203' title='bbox 292 2853 325 2889; x_wconf 88' lang='lat' dir='ltr'>p.</span> <span class='ocrx_word' id='word_1_204' title='bbox 342 2848 484 2888; x_wconf 87' lang='lat'>49-77.</span> <span class='ocrx_word' id='word_1_205' title='bbox 516 2839 672 2876; x_wconf 86' lang='lat' dir='ltr'>Proclus</span> <span class='ocrx_word' id='word_1_206' title='bbox 685 2844 895 2877; x_wconf 85' lang='lat' dir='ltr'>autemnon</span> 
     </span>
     <span class='ocr_line' id='line_1_37' title="bbox 165 2893 894 2943; baseline 0 -12"><span class='ocrx_word' id='word_1_207' title='bbox 165 2899 223 2931; x_wconf 87' lang='lat' dir='ltr'>est</span> <span class='ocrx_word' id='word_1_208' title='bbox 250 2893 522 2943; x_wconf 84' lang='lat' dir='ltr'>intelligendus</span> <span class='ocrx_word' id='word_1_209' title='bbox 551 2893 702 2942; x_wconf 84' lang='lat' dir='ltr'>Lycius,</span> <span class='ocrx_word' id='word_1_210' title='bbox 730 2893 894 2942; x_wconf 84' lang='lat' dir='ltr'>philoso-</span> 
     </span>
     <span class='ocr_line' id='line_1_38' title="bbox 165 2946 895 2997; baseline 0 -13"><span class='ocrx_word' id='word_1_211' title='bbox 165 2948 263 2997; x_wconf 88' lang='lat' dir='ltr'>phus</span> <span class='ocrx_word' id='word_1_212' title='bbox 283 2948 515 2993; x_wconf 86' lang='lat' dir='ltr'>Platonicus,</span> <span class='ocrx_word' id='word_1_213' title='bbox 533 2946 600 2997; x_wconf 90' lang='lat' dir='ltr'>qui</span> <span class='ocrx_word' id='word_1_214' title='bbox 620 2947 744 2986; x_wconf 87' lang='lat' dir='ltr'>seculo</span> <span class='ocrx_word' id='word_1_215' title='bbox 761 2947 895 2997; x_wconf 86' lang='lat' dir='ltr'>quinto</span> 
     </span>
     <span class='ocr_line' id='line_1_39' title="bbox 165 3000 896 3052; baseline -0.003 -12"><span class='ocrx_word' id='word_1_216' title='bbox 165 3001 274 3049; x_wconf 85' lang='lat' dir='ltr'>vixit,</span> <span class='ocrx_word' id='word_1_217' title='bbox 311 3003 411 3052; x_wconf 86' lang='lat' dir='ltr'>quod</span> <span class='ocrx_word' id='word_1_218' title='bbox 451 3001 586 3041; x_wconf 81' lang='lat' dir='ltr'>Suidas</span> <span class='ocrx_word' id='word_1_219' title='bbox 621 3000 796 3046; x_wconf 82' lang='lat' dir='ltr'>credidit,</span> <span class='ocrx_word' id='word_1_220' title='bbox 831 3001 896 3039; x_wconf 88' lang='lat' dir='ltr'>sed</span> 
     </span>
    </p>
   </div>
   <div class='ocr_carea' id='block_1_11' title="bbox 942 1487 1687 2996">
    <p class='ocr_par' dir='ltr' id='par_1_11' title="bbox 942 1487 1684 1754">
     <span class='ocr_line' id='line_1_40' title="bbox 942 1487 1682 1538; baseline -0.004 -12"><span class='ocrx_word' id='word_1_221' title='bbox 942 1488 1214 1538; x_wconf 82' lang='lat' dir='ltr'>grammaticus</span> <span class='ocrx_word' id='word_1_222' title='bbox 1238 1487 1362 1525; x_wconf 87' lang='lat' dir='ltr'>multo</span> <span class='ocrx_word' id='word_1_223' title='bbox 1382 1487 1592 1537; x_wconf 84' lang='lat' dir='ltr'>antiquior,</span> <span class='ocrx_word' id='word_1_224' title='bbox 1615 1487 1682 1537; x_wconf 88' lang='lat' dir='ltr'>qui</span> 
     </span>
     <span class='ocr_line' id='line_1_41' title="bbox 943 1541 1682 1590; baseline -0.004 -10"><span class='ocrx_word' id='word_1_225' title='bbox 943 1543 1069 1581; x_wconf 87' lang='lat' dir='ltr'>seculo</span> <span class='ocrx_word' id='word_1_226' title='bbox 1090 1542 1255 1580; x_wconf 91' lang='lat' dir='ltr'>secundo</span> <span class='ocrx_word' id='word_1_227' title='bbox 1276 1544 1440 1580; x_wconf 87' lang='lat' dir='ltr'>exeunte</span> <span class='ocrx_word' id='word_1_228' title='bbox 1454 1541 1566 1588; x_wconf 88' lang='lat' dir='ltr'>vixit,</span> <span class='ocrx_word' id='word_1_229' title='bbox 1579 1541 1682 1590; x_wconf 84' lang='lat' dir='ltr'>quod</span> 
     </span>
     <span class='ocr_line' id='line_1_42' title="bbox 945 1595 1684 1646; baseline -0.001 -12"><span class='ocrx_word' id='word_1_230' title='bbox 945 1597 1141 1646; x_wconf 85' lang='lat' dir='ltr'>perspexit</span> <span class='ocrx_word' id='word_1_231' title='bbox 1178 1595 1359 1635; x_wconf 83' lang='lat' dir='ltr'>Valesius</span> <span class='ocrx_word' id='word_1_232' title='bbox 1406 1596 1447 1632; x_wconf 89' lang='lat' dir='ltr'>in</span> <span class='ocrx_word' id='word_1_233' title='bbox 1493 1595 1591 1632; x_wconf 89' lang='lat' dir='ltr'>libro</span> <span class='ocrx_word' id='word_1_234' title='bbox 1639 1596 1684 1633; x_wconf 82' lang='lat' dir='ltr'>de</span> 
     </span>
     <span class='ocr_line' id='line_1_43' title="bbox 946 1649 1683 1697; baseline -0.003 -9"><span class='ocrx_word' id='word_1_235' title='bbox 946 1651 1081 1688; x_wconf 70' lang='lat' dir='ltr'>critica</span> <span class='ocrx_word' id='word_1_236' title='bbox 1133 1663 1163 1697; x_wconf 87' lang='lat'>1,</span> <span class='ocrx_word' id='word_1_237' title='bbox 1217 1662 1266 1687; x_wconf 86' lang='lat'>20</span> <span class='ocrx_word' id='word_1_238' title='bbox 1313 1654 1352 1687; x_wconf 84' lang='lat' dir='ltr'>ct</span> <span class='ocrx_word' id='word_1_239' title='bbox 1401 1649 1683 1687; x_wconf 87' lang='lat' dir='ltr'>demonstravit</span> 
     </span>
     <span class='ocr_line' id='line_1_44' title="bbox 944 1705 1397 1754; baseline -0.004 -11"><span class='ocrx_word' id='word_1_240' title='bbox 944 1705 1169 1743; x_wconf 84' lang='lat' dir='ltr'>Welckerus</span> <span class='ocrx_word' id='word_1_241' title='bbox 1188 1717 1225 1753; x_wconf 91' lang='lat' dir='ltr'>p.</span> <span class='ocrx_word' id='word_1_242' title='bbox 1250 1716 1270 1752; x_wconf 84' lang='lat'><strong>3</strong></span> <span class='ocrx_word' id='word_1_243' title='bbox 1292 1717 1397 1754; x_wconf 88' lang='lat' dir='ltr'>seqq.</span> 
     </span>
    </p>

    <p class='ocr_par' dir='ltr' id='par_1_12' title="bbox 942 1755 1684 1916">
     <span class='ocr_line' id='line_1_45' title="bbox 1000 1755 1684 1809; baseline -0.003 -13"><span class='ocrx_word' id='word_1_244' title='bbox 1000 1770 1088 1808; x_wconf 83' lang='lat'>3-5.</span> <span class='ocrx_word' id='word_1_245' title='bbox 1111 1755 1533 1809; x_wconf 74' lang='grc' dir='ltr'>Πρόκλου-ποιημάτων]</span> <span class='ocrx_word' id='word_1_246' title='bbox 1550 1758 1610 1795; x_wconf 89' lang='lat' dir='ltr'>Ab</span> <span class='ocrx_word' id='word_1_247' title='bbox 1623 1757 1684 1795; x_wconf 76' lang='lat' dir='ltr'>his</span> 
     </span>
     <span class='ocr_line' id='line_1_46' title="bbox 942 1811 1683 1862; baseline -0.001 -12"><span class='ocrx_word' id='word_1_248' title='bbox 942 1813 1071 1850; x_wconf 84' lang='lat' dir='ltr'>verbis</span> <span class='ocrx_word' id='word_1_249' title='bbox 1085 1813 1238 1850; x_wconf 81' lang='lat' dir='ltr'>rubrica</span> <span class='ocrx_word' id='word_1_250' title='bbox 1254 1812 1405 1862; x_wconf 85' lang='lat' dir='ltr'>scriptis</span> <span class='ocrx_word' id='word_1_251' title='bbox 1424 1811 1560 1862; x_wconf 85' lang='lat' dir='ltr'>incipit</span> <span class='ocrx_word' id='word_1_252' title='bbox 1581 1812 1683 1850; x_wconf 86' lang='lat' dir='ltr'>codi-</span> 
     </span>
     <span class='ocr_line' id='line_1_47' title="bbox 944 1867 1355 1916; baseline -0.005 -11"><span class='ocrx_word' id='word_1_253' title='bbox 944 1867 999 1906; x_wconf 87' lang='lat' dir='ltr'>cis</span> <span class='ocrx_word' id='word_1_254' title='bbox 1018 1867 1153 1905; x_wconf 89' lang='lat' dir='ltr'>folium</span> <span class='ocrx_word' id='word_1_255' title='bbox 1172 1867 1355 1916; x_wconf 88' lang='lat' dir='ltr'>primum.</span> 
     </span>
    </p>

    <p class='ocr_par' dir='ltr' id='par_1_13' title="bbox 945 1920 1684 2134">
     <span class='ocr_line' id='line_1_48' title="bbox 1003 1920 1684 1971; baseline -0.004 -12"><span class='ocrx_word' id='word_1_256' title='bbox 1003 1935 1036 1971; x_wconf 84' lang='lat'>3.</span> <span class='ocrx_word' id='word_1_257' title='bbox 1057 1922 1344 1970; x_wconf 81' lang='grc' dir='ltr'>χρηστομαθείας]</span> <span class='ocrx_word' id='word_1_258' title='bbox 1375 1922 1628 1969; x_wconf 85' lang='grc' dir='ltr'>χρηστομαθίας</span> <span class='ocrx_word' id='word_1_259' title='bbox 1647 1920 1684 1957; x_wconf 89' lang='grc' dir='ltr'><strong>Α</strong></span> 
     </span>
     <span class='ocr_line' id='line_1_49' title="bbox 945 1974 1683 2014; baseline -0.003 -2"><span class='ocrx_word' id='word_1_260' title='bbox 945 1975 1005 2013; x_wconf 88' lang='lat' dir='ltr'>hic</span> <span class='ocrx_word' id='word_1_261' title='bbox 1025 1979 1064 2013; x_wconf 88' lang='lat' dir='ltr'>et</span> <span class='ocrx_word' id='word_1_262' title='bbox 1082 1976 1193 2014; x_wconf 86' lang='lat' dir='ltr'>infra.</span> <span class='ocrx_word' id='word_1_263' title='bbox 1245 1975 1470 2014; x_wconf 84' lang='lat' dir='ltr'>Correctum</span> <span class='ocrx_word' id='word_1_264' title='bbox 1487 1987 1534 2012; x_wconf 90' lang='lat' dir='ltr'>ex</span> <span class='ocrx_word' id='word_1_265' title='bbox 1555 1974 1683 2011; x_wconf 85' lang='lat' dir='ltr'>Photii</span> 
     </span>
     <span class='ocr_line' id='line_1_50' title="bbox 946 2029 1683 2079; baseline -0.003 -12"><span class='ocrx_word' id='word_1_266' title='bbox 946 2030 1139 2068; x_wconf 79' lang='lat' dir='ltr'>codicibus</span> <span class='ocrx_word' id='word_1_267' title='bbox 1169 2029 1347 2079; x_wconf 89' lang='lat' dir='ltr'>optimis:</span> <span class='ocrx_word' id='word_1_268' title='bbox 1377 2029 1423 2067; x_wconf 86' lang='lat' dir='ltr'>de</span> <span class='ocrx_word' id='word_1_269' title='bbox 1444 2042 1519 2079; x_wconf 94' lang='lat' dir='ltr'>quo</span> <span class='ocrx_word' id='word_1_270' title='bbox 1540 2029 1621 2067; x_wconf 83' lang='lat' dir='ltr'>dixi</span> <span class='ocrx_word' id='word_1_271' title='bbox 1643 2029 1683 2065; x_wconf 87' lang='lat' dir='ltr'>in</span> 
     </span>
     <span class='ocr_line' id='line_1_51' title="bbox 945 2084 1474 2134; baseline -0.004 -12"><span class='ocrx_word' id='word_1_272' title='bbox 945 2084 1143 2122; x_wconf 80' lang='lat' dir='ltr'>Thesauro</span> <span class='ocrx_word' id='word_1_273' title='bbox 1161 2085 1237 2123; x_wconf 82' lang='lat' dir='ltr'>vol.</span> <span class='ocrx_word' id='word_1_274' title='bbox 1259 2087 1281 2122; x_wconf 90' lang='lat'>8</span> <span class='ocrx_word' id='word_1_275' title='bbox 1302 2097 1339 2134; x_wconf 88' lang='lat' dir='ltr'>p.</span> <span class='ocrx_word' id='word_1_276' title='bbox 1361 2085 1474 2131; x_wconf 85' lang='lat'>1675.</span> 
     </span>
    </p>

    <p class='ocr_par' dir='ltr' id='par_1_14' title="bbox 946 2135 1687 2837">
     <span class='ocr_line' id='line_1_52' title="bbox 1001 2135 1683 2190; baseline -0.001 -15"><span class='ocrx_word' id='word_1_277' title='bbox 1001 2141 1047 2176; x_wconf 84' lang='grc' dir='ltr'>εἷς</span> <span class='ocrx_word' id='word_1_278' title='bbox 1078 2139 1105 2175; x_wconf 74' lang='grc' dir='ltr'>δ’</span> <span class='ocrx_word' id='word_1_279' title='bbox 1136 2135 1355 2190; x_wconf 77' lang='grc' dir='ltr'>διῃρημένων]</span> <span class='ocrx_word' id='word_1_280' title='bbox 1391 2137 1546 2175; x_wconf 84' lang='lat' dir='ltr'>Horunl</span> <span class='ocrx_word' id='word_1_281' title='bbox 1574 2140 1683 2187; x_wconf 62' lang='lat' dir='ltr'>quat-</span> 
     </span>
     <span class='ocr_line' id='line_1_53' title="bbox 946 2192 1682 2231; baseline -0.003 -1"><span class='ocrx_word' id='word_1_282' title='bbox 946 2196 1035 2231; x_wconf 85' lang='lat' dir='ltr'>tuor</span> <span class='ocrx_word' id='word_1_283' title='bbox 1081 2193 1272 2230; x_wconf 85' lang='lat' dir='ltr'>librorum</span> <span class='ocrx_word' id='word_1_284' title='bbox 1328 2192 1479 2230; x_wconf 84' lang='lat' dir='ltr'>duobus</span> <span class='ocrx_word' id='word_1_285' title='bbox 1530 2195 1682 2229; x_wconf 84' lang='lat' dir='ltr'>tantum</span> 
     </span>
     <span class='ocr_line' id='line_1_54' title="bbox 946 2246 1685 2295; baseline -0.001 -11"><span class='ocrx_word' id='word_1_286' title='bbox 946 2261 1059 2285; x_wconf 86' lang='lat' dir='ltr'>usum</span> <span class='ocrx_word' id='word_1_287' title='bbox 1088 2261 1168 2286; x_wconf 87' lang='lat' dir='ltr'>esse</span> <span class='ocrx_word' id='word_1_288' title='bbox 1197 2246 1379 2285; x_wconf 85' lang='lat' dir='ltr'>Photium</span> <span class='ocrx_word' id='word_1_289' title='bbox 1403 2249 1582 2295; x_wconf 84' lang='lat' dir='ltr'>excerpta</span> <span class='ocrx_word' id='word_1_290' title='bbox 1602 2246 1685 2284; x_wconf 86' lang='lat' dir='ltr'>eius</span> 
     </span>
     <span class='ocr_line' id='line_1_55' title="bbox 946 2300 1685 2349; baseline -0.004 -10"><span class='ocrx_word' id='word_1_291' title='bbox 946 2301 1094 2339; x_wconf 86' lang='lat' dir='ltr'>docent.</span> <span class='ocrx_word' id='word_1_292' title='bbox 1169 2301 1261 2339; x_wconf 82' lang='lat' dir='ltr'>Tria</span> <span class='ocrx_word' id='word_1_293' title='bbox 1299 2301 1422 2338; x_wconf 90' lang='lat' dir='ltr'>Procli</span> <span class='ocrx_word' id='word_1_294' title='bbox 1461 2300 1571 2349; x_wconf 90' lang='lat' dir='ltr'>Lycii</span> <span class='ocrx_word' id='word_1_295' title='bbox 1608 2303 1685 2347; x_wconf 76' lang='grc' dir='ltr'>περὶ</span> 
     </span>
     <span class='ocr_line' id='line_1_56' title="bbox 946 2354 1686 2404; baseline -0.004 -11"><span class='ocrx_word' id='word_1_296' title='bbox 946 2357 1346 2404; x_wconf 81' lang='grc' dir='ltr'>χρηστομαθείαςβιβλία</span> <span class='ocrx_word' id='word_1_297' title='bbox 1353 2357 1539 2392; x_wconf 67' lang='lat' dir='ltr'>memorat</span> <span class='ocrx_word' id='word_1_298' title='bbox 1547 2354 1686 2392; x_wconf 66' lang='lat' dir='ltr'>suidas</span> 
     </span>
     <span class='ocr_line' id='line_1_57' title="bbox 949 2411 1685 2458; baseline -0.007 -10"><span class='ocrx_word' id='word_1_299' title='bbox 949 2423 976 2448; x_wconf 89' lang='lat' dir='ltr'>S.</span> <span class='ocrx_word' id='word_1_300' title='bbox 993 2424 1029 2447; x_wconf 89' lang='lat' dir='ltr'>V.</span> <span class='ocrx_word' id='word_1_301' title='bbox 1051 2413 1218 2458; x_wconf 83' lang='grc' dir='ltr'>Πρόκλος,</span> <span class='ocrx_word' id='word_1_302' title='bbox 1245 2413 1284 2447; x_wconf 68' lang='lat' dir='ltr'>el:</span> <span class='ocrx_word' id='word_1_303' title='bbox 1312 2412 1471 2457; x_wconf 86' lang='grc' dir='ltr'>Πρόκλου</span> <span class='ocrx_word' id='word_1_304' title='bbox 1499 2413 1560 2444; x_wconf 83' lang='grc' dir='ltr'>τοῦ</span> <span class='ocrx_word' id='word_1_305' title='bbox 1588 2411 1685 2443; x_wconf 88' lang='grc' dir='ltr'>Πλα-</span> 
     </span>
     <span class='ocr_line' id='line_1_58' title="bbox 949 2462 1685 2510; baseline -0.004 -10"><span class='ocrx_word' id='word_1_306' title='bbox 949 2468 1088 2500; x_wconf 86' lang='grc' dir='ltr'>τωνικοῦ</span> <span class='ocrx_word' id='word_1_307' title='bbox 1106 2466 1317 2510; x_wconf 83' lang='grc' dir='ltr'>μονόβιβλον</span> <span class='ocrx_word' id='word_1_308' title='bbox 1329 2465 1407 2510; x_wconf 81' lang='grc' dir='ltr'>περὶ</span> <span class='ocrx_word' id='word_1_309' title='bbox 1427 2462 1549 2498; x_wconf 81' lang='grc' dir='ltr'>κύκλου</span> <span class='ocrx_word' id='word_1_310' title='bbox 1570 2463 1685 2498; x_wconf 83' lang='grc' dir='ltr'>ἐπικοῦ</span> 
     </span>
     <span class='ocr_line' id='line_1_59' title="bbox 951 2515 1685 2566; baseline -0.003 -12"><span class='ocrx_word' id='word_1_311' title='bbox 951 2519 1238 2566; x_wconf 82' lang='grc' dir='ltr'>ἐπιγεγραμμένην</span> <span class='ocrx_word' id='word_1_312' title='bbox 1271 2516 1473 2554; x_wconf 69' lang='lat' dir='ltr'>scholiasta</span> <span class='ocrx_word' id='word_1_313' title='bbox 1507 2515 1685 2565; x_wconf 76' lang='lat' dir='ltr'>Gregorii</span> 
     </span>
     <span class='ocr_line' id='line_1_60' title="bbox 950 2569 1684 2617; baseline -0.001 -9"><span class='ocrx_word' id='word_1_314' title='bbox 950 2571 1185 2609; x_wconf 85' lang='lat' dir='ltr'>Nazianzeni</span> <span class='ocrx_word' id='word_1_315' title='bbox 1222 2571 1264 2608; x_wconf 88' lang='lat' dir='ltr'>in</span> <span class='ocrx_word' id='word_1_316' title='bbox 1297 2570 1426 2608; x_wconf 89' lang='lat' dir='ltr'>codice</span> <span class='ocrx_word' id='word_1_317' title='bbox 1456 2569 1575 2607; x_wconf 87' lang='lat' dir='ltr'>Paris.</span> <span class='ocrx_word' id='word_1_318' title='bbox 1607 2579 1684 2617; x_wconf 85' lang='lat'>573</span> 
     </span>
     <span class='ocr_line' id='line_1_61' title="bbox 949 2622 1682 2675; baseline -0.003 -13"><span class='ocrx_word' id='word_1_319' title='bbox 949 2625 1013 2663; x_wconf 89' lang='lat' dir='ltr'>fol.</span> <span class='ocrx_word' id='word_1_320' title='bbox 1059 2628 1104 2663; x_wconf 90' lang='lat'>18</span> <span class='ocrx_word' id='word_1_321' title='bbox 1145 2639 1204 2675; x_wconf 90' lang='lat' dir='ltr'>ap.</span> <span class='ocrx_word' id='word_1_322' title='bbox 1244 2624 1435 2663; x_wconf 81' lang='lat' dir='ltr'>Gaisford.</span> <span class='ocrx_word' id='word_1_323' title='bbox 1470 2623 1518 2661; x_wconf 85' lang='lat' dir='ltr'>ad</span> <span class='ocrx_word' id='word_1_324' title='bbox 1555 2622 1682 2672; x_wconf 91' lang='lat' dir='ltr'>Heph.</span> 
     </span>
     <span class='ocr_line' id='line_1_62' title="bbox 949 2677 1684 2728; baseline -0.005 -11"><span class='ocrx_word' id='word_1_325' title='bbox 949 2680 1024 2718; x_wconf 87' lang='lat' dir='ltr'>vol.</span> <span class='ocrx_word' id='word_1_326' title='bbox 1059 2693 1074 2717; x_wconf 93' lang='lat'>1</span> <span class='ocrx_word' id='word_1_327' title='bbox 1108 2693 1144 2728; x_wconf 90' lang='lat' dir='ltr'>p.</span> <span class='ocrx_word' id='word_1_328' title='bbox 1178 2692 1253 2727; x_wconf 83' lang='lat'>344</span> <span class='ocrx_word' id='word_1_329' title='bbox 1284 2683 1322 2716; x_wconf 89' lang='lat' dir='ltr'>et</span> <span class='ocrx_word' id='word_1_330' title='bbox 1355 2677 1575 2715; x_wconf 84' lang='lat' dir='ltr'>Monacensi</span> <span class='ocrx_word' id='word_1_331' title='bbox 1609 2679 1684 2715; x_wconf 91' lang='lat'>216</span> 
     </span>
     <span class='ocr_line' id='line_1_63' title="bbox 954 2730 1687 2782; baseline -0.001 -12"><span class='ocrx_word' id='word_1_332' title='bbox 954 2733 1046 2770; x_wconf 90' lang='lat' dir='ltr'>folio</span> <span class='ocrx_word' id='word_1_333' title='bbox 1070 2742 1145 2781; x_wconf 87' lang='lat'>72:</span> <span class='ocrx_word' id='word_1_334' title='bbox 1176 2733 1222 2770; x_wconf 89' lang='lat' dir='ltr'>de</span> <span class='ocrx_word' id='word_1_335' title='bbox 1252 2746 1328 2782; x_wconf 89' lang='lat' dir='ltr'>quo</span> <span class='ocrx_word' id='word_1_336' title='bbox 1358 2731 1458 2769; x_wconf 85' lang='lat' dir='ltr'>dixit</span> <span class='ocrx_word' id='word_1_337' title='bbox 1487 2730 1687 2769; x_wconf 83' lang='lat' dir='ltr'>Michaelis</span> 
     </span>
     <span class='ocr_line' id='line_1_64' title="bbox 954 2787 1397 2837; baseline -0.002 -13"><span class='ocrx_word' id='word_1_338' title='bbox 954 2787 1056 2837; x_wconf 84' lang='lat' dir='ltr'>apud</span> <span class='ocrx_word' id='word_1_339' title='bbox 1075 2787 1258 2824; x_wconf 87' lang='lat' dir='ltr'>Iahnium</span> <span class='ocrx_word' id='word_1_340' title='bbox 1276 2800 1313 2835; x_wconf 88' lang='lat' dir='ltr'>p.</span> <span class='ocrx_word' id='word_1_341' title='bbox 1335 2795 1397 2835; x_wconf 88' lang='lat'>97.</span> 
     </span>
    </p>

    <p class='ocr_par' dir='ltr' id='par_1_15' title="bbox 951 2838 1687 2996">
     <span class='ocr_line' id='line_1_65' title="bbox 1007 2838 1687 2892; baseline 0.001 -16"><span class='ocrx_word' id='word_1_342' title='bbox 1007 2851 1041 2890; x_wconf 85' lang='lat'>7.</span> <span class='ocrx_word' id='word_1_343' title='bbox 1073 2838 1288 2892; x_wconf 82' lang='grc' dir='ltr'>Πανύασσις]</span> <span class='ocrx_word' id='word_1_344' title='bbox 1330 2840 1393 2878; x_wconf 79' lang='lat' dir='ltr'>Sic</span> <span class='ocrx_word' id='word_1_345' title='bbox 1427 2840 1556 2887; x_wconf 85' lang='lat' dir='ltr'>codex,</span> <span class='ocrx_word' id='word_1_346' title='bbox 1589 2853 1687 2889; x_wconf 85' lang='lat' dir='ltr'>quae</span> 
     </span>
     <span class='ocr_line' id='line_1_66' title="bbox 951 2893 1686 2944; baseline -0.001 -13"><span class='ocrx_word' id='word_1_347' title='bbox 951 2894 1128 2944; x_wconf 84' lang='lat' dir='ltr'>frequens</span> <span class='ocrx_word' id='word_1_348' title='bbox 1159 2893 1407 2943; x_wconf 14' lang='lat' dir='ltr'>etiamrapud</span> <span class='ocrx_word' id='word_1_349' title='bbox 1440 2894 1534 2932; x_wconf 87' lang='lat' dir='ltr'>alios</span> <span class='ocrx_word' id='word_1_350' title='bbox 1568 2894 1686 2943; x_wconf 87' lang='lat' dir='ltr'>scrip-</span> 
     </span>
     <span class='ocr_line' id='line_1_67' title="bbox 951 2948 1426 2996; baseline 0 -10"><span class='ocrx_word' id='word_1_351' title='bbox 951 2952 1040 2986; x_wconf 73' lang='lat' dir='ltr'>tura</span> <span class='ocrx_word' id='word_1_352' title='bbox 1059 2951 1125 2996; x_wconf 67' lang='lat' dir='ltr'>est,</span> <span class='ocrx_word' id='word_1_353' title='bbox 1146 2961 1223 2986; x_wconf 84' lang='lat' dir='ltr'>non</span> <span class='ocrx_word' id='word_1_354' title='bbox 1243 2948 1426 2988; x_wconf 78' lang='grc' dir='ltr'>Πανύασις.</span> 
     </span>
    </p>
   </div>
  </div>
 </body>
</html>
