2000 3276
451 136 759 179 EXCERPTA
801 135 879 176 DE
921 134 1098 176 NOTIS
1141 134 1414 176 CRITICIS.
1629 134 1700 191 xiv

225 242 248 293 ἡ
273 243 344 293 μὲν
365 241 432 283 οὖν
452 243 569 292 διπλῆ
595 241 742 292 καθαρὰ
766 238 993 291 παράκειται
1019 238 1112 291 πρὸς
1137 237 1207 289 τὴν
1228 236 1336 288 ἅπαξ
1354 236 1558 290 εἰρημένην
1579 236 1700 287 λέξιν,

168 310 264 364 πρὸς
298 311 366 362 τὴν
396 314 464 351 τοῦ
495 311 656 359 ποιητοῦ
690 307 910 358 συνήθειαν,
946 307 1040 359 πρὸς
1072 307 1161 350 τοὺς
1193 306 1383 359 λέγοντας
1418 305 1470 357 μὴ
1505 305 1601 346 εἶναι
1632 309 1700 346 τοῦ

169 379 288 420 αὐτοῦ
308 382 470 430 ποιητοῦ
494 376 645 418 Ἰλιάδα
665 376 727 417 καὶ
747 375 1003 425 ”Οδύσσειαν,
1018 375 1113 427 πρὸς
1129 377 1196 417 τὰς
1216 379 1294 416 τῶν
1311 377 1491 415 παλαιῶν
1513 375 1699 426 ἱστορίας,

169 448 265 500 πρὸς
298 449 364 490 τὰς
396 451 472 488 τῶν
504 446 600 487 νέων
633 446 808 498 ἐκδοχὰς,
835 443 929 496 πρὸς
955 444 1024 494 τὴν
1053 442 1238 495 Ἀττικὴν
1271 442 1470 494 σύνταξιν,
1502 444 1598 495 πρὸς
1631 443 1702 493 τὴν

169 517 402 568 πολύσημον
422 516 543 566 λέξιν.
572 513 668 566 πρὸς
686 514 759 564 μὲν
780 513 848 553 οὖν
868 512 938 563 τὴν
960 511 1069 562 ἅπαξ
1088 512 1290 564 εἰρημένην
1308 511 1419 563 λέξιν
1441 511 1510 565 (ΙΙ.
1531 525 1565 561 Ι,
1588 511 1698 564 106),

171 589 199 608 “
211 584 327 636 μάντι
350 587 489 634 κακῶν,
515 583 560 623 οὐ
584 580 740 623 πώποτέ
765 598 832 632 μοι
857 580 901 621 τὸ
930 580 1097 634 κρήγυον
1126 579 1272 623 εἶπες.”
1315 581 1417 632 ἅπαξ
1439 583 1512 634 γὰρ
1543 582 1700 633 εἴρηται,

172 653 233 694 καὶ
254 654 316 695 ἐπὶ
337 657 414 694 τῶν
434 656 585 693 λοιπῶν
607 651 778 703 σημείων
799 651 983 692 ὡσαύτως
1004 650 1029 690 ἃ
1050 652 1111 690 δεῖ
1128 649 1291 690 τιθέναι.

757 826 830 868 Ἐν
851 827 962 883 ἄλλῳ
984 829 1117 871 οὕτως.

232 949 473 1002 Sequuntur
489 962 593 1002 quae
616 962 739 1001 supra
760 946 836 988 sub
858 962 1030 989 numero
1051 961 1067 988 1
1088 947 1163 989 lin.
1192 961 1271 1002 1-9
1294 962 1344 988 ex
1359 947 1497 989 codiee
1514 946 1705 988 Romano

173 1017 453 1072 apposuimus,
479 1019 541 1058 Τὰ
571 1017 1131 1070 παρατιθέμενα-ἀντίσιγμα
1161 1017 1488 1070 περιεστιγμένον
1530 1018 1578 1057 D·
1611 1020 1705 1071 posb

173 1101 277 1140 quae
298 1085 356 1127 sie
377 1085 592 1140 pergitur:

231 1156 346 1207 ἡμὲν
371 1155 440 1196 οὖν
471 1155 743 1206 ἀπερίστικτος
773 1157 892 1206 διπλῆ
927 1155 1071 1196 τίθεται
1096 1155 1193 1207 πρὸς
1219 1155 1390 1207 ἱστορίας
1422 1156 1485 1196 καὶ
1516 1170 1707 1208 σχηματι-

175 1225 296 1276 σμοὺς
319 1224 379 1265 καὶ
402 1224 534 1277 ἑτέρας
554 1225 735 1267 ποικίλας
754 1225 902 1278 χρείας,
922 1225 984 1265 καὶ
1006 1225 1102 1278 πρὸς
1123 1227 1192 1268 τὰς
1214 1224 1321 1275 ἅπαξ
1340 1225 1540 1277 εἰρημένας
1562 1222 1706 1273 λέξεις,

176 1294 238 1334 καὶ
260 1292 354 1345 πρὸς
374 1294 423 1333 τὰ
444 1293 604 1334 ἐναντία
627 1293 687 1333 καὶ
709 1294 912 1346 μαχόμενα
933 1297 1010 1334 τῶν
1033 1293 1249 1345 νοημάτων.

232 1362 256 1414 ἡ
277 1363 319 1403 δὲ
340 1360 642 1414 περιεστιγμένη
664 1364 780 1412 διπλῆ
802 1362 897 1414 πρὸς
917 1365 986 1405 τὰς
1004 1364 1225 1413 Ζηνοδότου
1248 1362 1310 1403 καὶ
1334 1361 1532 1414 Κράτητος
1553 1362 1709 1414 γραφὰς

177 1430 238 1471 καὶ
258 1430 375 1471 αὐτοῦ
394 1429 673 1484 Ἀριστάρχου.

233 1500 254 1539 ὁ
276 1500 318 1539 δὲ
339 1499 484 1550 ὀβελὸς
504 1499 601 1550 πρὸς
622 1501 671 1540 τὰ
691 1500 789 1540 νόθα
811 1500 873 1540 καὶ
895 1501 1146 1552 ἀθετούμενα.

234 1569 255 1608 ὁ
287 1569 328 1608 δὲ
367 1567 463 1618 μετὰ
504 1568 653 1617 ὀβελοῦ
694 1568 936 1619 ἀστερίσκος,
969 1568 1064 1608 ἔνθα
1105 1568 1185 1609 εἰσὶ
1227 1569 1300 1620 μὲν
1337 1569 1385 1608 τὰ
1415 1567 1488 1618 ἔπη
1520 1571 1588 1608 τοῦ
1623 1584 1708 1608 ποι-

177 1639 282 1687 ητοῦ,
306 1636 350 1677 οὐ
372 1639 500 1678 καλῶς
521 1636 563 1675 δὲ
586 1639 747 1685 κεῖνται,
769 1635 860 1675 ἀλλ’
883 1637 926 1677 ἐν
947 1638 1071 1690 ἄλλῳ.

235 1705 256 1744 ὁ
287 1706 329 1745 δὲ
361 1703 442 1744 καθ’
466 1703 602 1744 ἑαυτὸν
630 1705 870 1757 ἀστερίσκος,
899 1704 989 1746 ἔνθα
1022 1709 1150 1748 καλῶς
1180 1707 1349 1756 εἴρηνται
1377 1705 1422 1745 τὰ
1452 1705 1523 1756 ἔπη
1545 1706 1587 1746 ἐν
1609 1705 1710 1759 αὐτῷ

177 1772 230 1828 uf>
253 1773 358 1827 τόπῳ
381 1772 474 1813 ἔνθα
497 1775 655 1813 κεῖνται.

237 1841 280 1882 τὸ
303 1843 344 1883 δὲ
371 1840 453 1882 καθ’
478 1839 591 1882 ἑαυτὸ
613 1842 823 1894 ἀντίσιγμα
843 1842 940 1894 πρὸς
962 1843 1048 1886 τοὺς
1070 1844 1389 1897 ἐνηλλαγμένους
1411 1844 1553 1885 τόπους
1579 1842 1638 1882 καὶ
1659 1841 1711 1892 μὴ

180 1909 433 1965 συνᾴδοντας.

235 1980 281 2020 τὸ
318 1981 360 2020 δὲ
397 1980 720 2032 περιεστιγμένον
753 1980 975 2033 ἀντίσιγμα,
1009 1982 1104 2022 ὅταν
1139 1983 1360 2037 ταυτολογῇ
1395 1981 1457 2021 καὶ
1489 1979 1560 2030 τὴν
1593 1979 1712 2030 αὐτὴν

180 2047 356 2090 διάνοιαν
377 2048 554 2100 δεύτερον
574 2046 687 2104 λέγῃ.

238 2116 386 2158 Ἰστέον
402 2117 463 2157 ὅτι
479 2117 519 2157 αἱ
538 2117 736 2171 ῥαψῳδίαι
750 2115 924 2170 Ὁμήρου
945 2119 1050 2170 παρὰ
1071 2122 1152 2160 τοῖς
1172 2122 1356 2160 παλαιοῖς
1378 2119 1473 2158 κατὰ
1493 2115 1712 2170 συνάφειαν

181 2185 364 2235 ηὐδῶντο,
387 2186 563 2237 κορωνίδι
582 2185 682 2241 μόνῃ
710 2187 1048 2238 διαστελλόμεναι,
1072 2188 1182 2242 ἄλλῳ
1203 2188 1244 2227 δὲ
1267 2187 1405 2228 οὐδενί·
1443 2189 1509 2237 τῆς
1531 2189 1571 2226 δὲ
1594 2203 1711 2237 κορω-

183 2254 286 2295 νίδος
307 2254 420 2293 τοῦτό
443 2254 526 2294 ἐστι
547 2253 590 2293 τὸ
613 2258 776 2304 σημεῖον
800 2261 844 2307 3.
889 2254 1047 2307 λέγεται
1069 2257 1110 2296 δὲ
1133 2255 1208 2296 ἀπὸ
1228 2258 1453 2308 μεταφορᾶς
1478 2257 1545 2304 τῆς
1568 2256 1610 2294 ἐν
1631 2258 1711 2296 τοῖς

183 2322 336 2363 πλοίοις
358 2321 670 2373 ἀνακεκαμμένης
692 2323 909 2375 κορωνίδος.

242 2490 300 2524 26.
329 2486 530 2540 'Iare'ov—]
559 2488 638 2526 Hic
667 2488 805 2538 incipit
824 2489 922 2527 alius
979 2493 1167 2537 συνάφειαν
1192 2492 1324 2537 ἥβωντο
1346 2491 1487 2537 (ἥνωντο
1516 2488 1710 2535 Osannus)

185 2541 429 2590 grammatici
450 2546 683 2591 excerptum,
706 2543 814 2581 cuius
833 2557 920 2593 pars
978 2547 1131 2593 κορωνίδι
1168 2548 1250 2591 μόνῃ
1289 2546 1581 2589 διαστελλόμεναι,
1616 2543 1712 2591 ἄλλῳ

185 2595 291 2644 prior
327 2595 368 2631 in
400 2595 526 2632 codice
560 2595 736 2634 Romano
771 2597 920 2635 adiecta
975 2600 1003 2634 δ’
1025 2600 1145 2635 οὐδενί.

186 2652 243 2686 est
271 2648 336 2685 alii
362 2648 408 2685 de
430 2651 555 2686 vetere
584 2649 708 2687 Iliade
729 2654 918 2700 excerpto,
1033 2655 1093 2689 28.
1125 2654 1189 2689 ἀπὸ
1212 2648 1426 2701 μεταφορᾶς]
1449 2651 1530 2686 κατὰ
1558 2652 1712 2697 μεταφο-

186 2702 289 2752 quod
309 2702 395 2739 vide
415 2702 515 2751 apud
535 2703 753 2741 Nauckium
773 2718 809 2754 p.
830 2715 917 2753 273,
971 2709 1033 2754 ράν
1053 2706 1095 2743 Β.

186 2756 239 2794 Sic
269 2756 420 2806 scripta,
452 2759 484 2792 αἱ
511 2758 623 2802 μέντοι
643 2759 815 2807 ῥαψῳδίαι
835 2762 917 2795 κατὰ

1722 522 1744 560 5

1730 1033 1777 1059 10

1732 1730 1784 1755 20
