1958 3266
250 131 316 168 xvi
848 126 1190 168 1‘1‹.·x1·1l·‘A'1*10.

254 233 572 296 Aristophane
611 237 651 277 vt
696 230 848 278 multo
883 230 1121 293 copiosius
1158 229 1217 277 dv
1256 227 1537 277 Aristarcho
1573 228 1776 277 tradide-

249 319 356 357 ruut
393 329 447 356 vx
489 313 787 362 ·'=⁷.-‹›w0›j,1mcm·
820 307 1082 355 Aristarchi
1121 314 1172 356 ct
1208 306 1630 372 grauinimicorum
1670 306 1780 354 Ari-

248 387 573 433 stan-incorum
598 386 728 432 libris
748 385 1054 449 excerpsisse,
1070 384 1153 433 scd
1172 384 1418 439 Zenodoti,
1435 382 1779 448 Aristophanis

248 472 290 511 vt
337 463 599 511 Aristarchi
640 462 908 509 editionum
947 462 1243 526 exemplaria.
1277 461 1491 526 genuina
1528 478 1779 525 nunquam

251 559 506 605 usurpasse
529 561 534 587 :
573 557 670 603 quo
698 540 876 587 fiuttum
904 547 974 587 cst
1005 546 1059 587 ut
1088 539 1331 588 interdum
1357 539 1631 587 coniectura
1655 555 1780 586 asse-

247 618 326 682 qui
378 618 629 666 studerunt
677 617 797 681 quid
840 617 1144 682 gruuunutici
1184 616 1248 664 illi
1292 616 1514 681 legerint,
1552 634 1650 680 qua
1684 632 1780 664 non

247 714 368 759 opus
408 696 590 747 fuissvt,
628 695 666 741 si
715 694 976 759 primitivis
1014 694 1201 742 illarum
1247 695 1575 742 recensionum
1620 710 1780 742 exem-

250 772 461 837 plaribus
487 774 556 821 uti
588 773 845 820 licuisset&
919 773 991 820 Dc
1019 771 1286 819 Aristarchi
1315 771 1468 836 igitur
1494 772 1541 819 in
1568 770 1781 819 editione

247 850 429 915 duplici
460 851 539 910 (de
572 869 669 915 qua
695 870 735 898 v.
769 849 1112 914 Bernhardyus
1147 849 1195 896 in
1235 849 1369 896 ΙἸίπ.
1403 849 1497 896 Lit.
1525 849 1609 897 Gr.
1635 848 1724 896 vol.
1761 865 1773 895 1

249 948 289 993 p.
339 933 440 986 100,
491 932 600 991 197)
645 927 894 993 scripturis
934 946 1057 992 quac
1103 926 1346 991 Didymus
1387 933 1438 974 ct
1478 925 1783 974 Aristonicus

248 1006 524 1054 attuleruut
571 1007 689 1054 satis
725 1011 855 1054 corta
894 1005 1058 1053 habcri
1097 1012 1314 1070 possunt,
1353 1021 1504 1068 quum
1552 1002 1783 1068 pleraque

251 1084 401 1148 ipsius
446 1084 668 1131 nituntur
712 1083 983 1132 Aristarchi
1027 1083 1230 1147 eiusque
1268 1081 1614 1147 discipulorum
1650 1081 1784 1130 testi-

250 1161 435 1208 moniis.
472 1161 575 1209 Nec
593 1162 879 1210 recensionis
890 1161 1276 1225 Aristophaneae
1288 1172 1315 1189 ¹¹¹
1337 1164 1567 1224 excerpta
1578 1159 1780 1207 multam

250 1238 479 1303 praebent
510 1238 767 1287 dubitandi
802 1238 1084 1287 materiam:
1124 1238 1182 1285 de
1220 1237 1461 1287 Zenodoti
1487 1255 1600 1285 vero
1634 1237 1784 1302 scrip-

251 1317 374 1364 turis
407 1334 531 1380 quae
566 1316 614 1363 in
647 1315 841 1364 scholiis
877 1317 1142 1364 traduntur
1166 1316 1258 1364 etsi
1295 1315 1474 1363 multos
1509 1320 1785 1363 monstrant

251 1411 431 1441 errores
458 1393 516 1439 ab
542 1393 793 1441 Zenodoto
831 1393 1122 1450 commissos,
1150 1392 1208 1441 de
1235 1392 1415 1457 quibus
1451 1393 1783 1441 disseruerunt

197 1514 204 1516 ,
251 1469 555 1517 Duentzerus
580 1470 627 1516 in
657 1469 778 1518 libro
803 1470 861 1518 de
888 1470 1120 1517 Zenodoti
1154 1469 1331 1517 studiis
1356 1469 1636 1526 Homericis,
1661 1469 1782 1518 Got-

252 1548 416 1612 tingae
452 1547 583 1595 edito
619 1565 657 1594 a.
702 1551 840 1607 1848,
867 1553 916 1595 et
948 1547 1296 1611 Bernhardyus
1332 1547 1381 1594 in
1418 1547 1548 1595 Hist.
1580 1547 1676 1594 Lit.
1701 1546 1784 1595 Gr.

252 1624 344 1671 vol.
375 1642 386 1671 1
422 1643 466 1689 p.
502 1641 586 1685 192
616 1624 686 1672 ed.
712 1630 822 1672 tert.
851 1629 899 1672 et
923 1642 1010 1671 nos
1035 1625 1085 1672 in
1111 1624 1528 1673 Annotationibus
1552 1624 1781 1684 dicemus,

250 1712 414 1749 tamen
456 1719 551 1749 non
589 1719 694 1750 raro
733 1706 834 1749 tam
873 1701 1082 1750 absurda
1121 1708 1237 1750 sunt
1274 1709 1324 1749 et
1360 1702 1605 1750 interdum
1642 1702 1785 1750 metri

250 1778 370 1826 adeo
407 1779 536 1844 leges
573 1779 755 1827 violant
796 1779 953 1842 (velut
993 1796 1031 1834 2,
1073 1796 1179 1839 520,
1209 1783 1318 1840 634,
1352 1782 1459 1840 658.
1504 1795 1545 1842 5,
1571 1779 1702 1845 638),
1726 1786 1786 1828 ut

253 1873 349 1903 non
390 1856 449 1902 ab
489 1856 730 1904 Zenodoto
766 1857 980 1914 inventa,
1020 1857 1105 1904 sed
1141 1875 1201 1904 ex
1237 1857 1426 1905 vitiosis
1462 1855 1784 1906 bibliothecae

253 1932 623 1988 Alexandrinae,
648 1934 724 1981 cui
749 1933 1027 1997 praefectus
1057 1938 1171 1991 erat,
1195 1934 1331 1983 libris
1365 1939 1598 1983 annotata
1624 1935 1685 1984 ab
1713 1953 1785 1993 eo,

254 2027 348 2056 non
395 2009 599 2073 probata
640 2027 742 2058 esse
786 2011 1059 2067 videantur,
1102 2011 1162 2059 de
1206 2030 1302 2076 quo
1350 2017 1461 2077 post
1503 2012 1622 2062 alios
1661 2012 1788 2061 dixit

254 2086 473 2134 Cobetus
520 2088 570 2134 in
597 2087 911 2152 Mnemosyne
936 2106 1063 2136 nova
1086 2089 1179 2137 vol.
1208 2108 1230 2137 2
1257 2108 1301 2154 p.
1328 2093 1416 2151 189
1444 2108 1550 2155 sqq.
1621 2091 1788 2156 Appa-

254 2173 328 2210 ret
353 2181 413 2210 ex
439 2163 513 2210 his
539 2165 864 2213 recensionem
888 2166 1153 2213 carminum
1179 2167 1548 2216 Homericorum
1573 2167 1789 2216 Aristar·-

254 2240 424 2288 cheam
474 2258 534 2289 ex
583 2241 951 2289 scholiastarum
1005 2242 1307 2306 aliorumque
1366 2243 1788 2307 grammaticorum

253 2318 430 2382 quibus
457 2318 600 2366 hodie
627 2319 814 2367 utimur
844 2319 1175 2368 notationibus
1212 2320 1391 2368 maiore
1416 2320 1617 2384 quidem
1641 2339 1789 2386 quam

253 2395 579 2444 Zenodoteam
613 2405 663 2444 et
699 2397 1117 2461 Aristophaneam,
1147 2397 1232 2445 sed
1266 2415 1362 2445 non
1392 2398 1523 2446 omni
1556 2415 1616 2446 ex
1648 2406 1788 2462 parte

252 2472 446 2520 restitui
472 2490 610 2537 posse
635 2478 683 2521 et
706 2473 823 2522 locis
847 2492 945 2522 non
970 2474 1136 2538 paucis
1170 2474 1409 2522 incertum
1448 2491 1644 2524 manere
1668 2492 1790 2539 quas

254 2550 514 2613 scripturas
561 2551 836 2617 quibusque
879 2551 1151 2599 rationibus
1192 2568 1308 2599 usus
1355 2550 1666 2600 Aristarchus
1710 2552 1789 2600 vel

307 2693 318 2721 1
347 2694 404 2731 De
438 2695 507 2733 hoc
542 2696 644 2733 dixit
681 2697 926 2747 Pluygersius
956 2698 995 2734 in
1025 2697 1293 2736 dissertatione
1323 2697 1369 2735 de
1405 2697 1590 2737 Zenodoti
1621 2697 1789 2736 editione

254 2756 393 2796 Leidae
414 2759 515 2797 edita
536 2774 567 2798 a.
595 2764 695 2811 1843
715 2775 756 2812 p.
781 2764 816 2799 6.

307 2830 339 2848 ¹¹³
377 2823 434 2860 De
472 2825 689 2864 recensione
725 2825 888 2865 Homeri
926 2827 1208 2878 Aristophanea
1247 2827 1406 2878 eiusque
1444 2828 1493 2866 ad
1530 2826 1786 2865 Zenodoteam

256 2887 405 2925 ratione
435 2889 579 2938 optime
608 2891 709 2929 dixit
739 2892 940 2931 Nauckius
969 2893 1008 2930 in
1039 2893 1312 2944 Aristophanis
1331 2893 1522 2943 Byzantii
1543 2891 1790 2941 Fraqmentie

255 2964 349 3001 quae
374 2951 485 2990 Halis
506 2953 624 2994 edidit
645 2969 677 2994 a.
705 2959 817 3003 1848.
