2000 3276
647 522 1248 586 PRAEFATIO.

247 707 588 757 SOHOLIORUM
635 710 687 757 in
735 709 941 758 Iliadem
993 709 1180 758 codices
1233 712 1500 773 supersunt
1554 705 1714 763 multi,

177 784 308 833 inter
342 803 464 851 quos
501 787 684 835 eminet
710 787 928 836 Venetus
956 786 1044 851 (A)
1073 786 1405 835 Bibliothecae
1441 784 1717 832 Marcianae

180 878 292 923 454,
320 864 532 928 scriptus
556 864 606 912 in
629 864 926 913 membranis
958 864 1140 912 formae
1175 863 1418 912 maximae
1455 860 1634 918 seculo,
1659 866 1718 908 ut

178 940 388 998 videtur,
424 942 692 999 undecimo,
729 942 856 991 foliis
895 959 1006 1002 327,
1034 960 1243 1007 quorum
1277 940 1545 1006 specimina
1581 955 1718 1004 prae-

180 1017 299 1066 bent
322 1019 520 1067 tabulae
543 1019 1086 1086 photolithographicae
1119 1020 1233 1067 huic
1258 1018 1464 1067 editioni
1488 1017 1716 1065 adiectae.

180 1096 321 1144 Folia
350 1114 389 1154 2,
418 1114 459 1156 3,
488 1113 529 1157 5,
558 1115 599 1157 7,
634 1115 688 1146 10
716 1104 767 1146 et
797 1115 849 1145 11
880 1116 1037 1146 vacua
1062 1104 1192 1155 sunt,
1218 1098 1323 1145 folii
1348 1096 1509 1145 octavi
1536 1095 1719 1160 pagina

179 1192 349 1224 aversa
384 1182 436 1224 et
471 1176 643 1224 folium
677 1195 862 1224 nonum
898 1177 1045 1225 rudes
1081 1177 1318 1241 quasdam
1355 1174 1611 1223 continent
1638 1172 1718 1220 vel

178 1270 342 1301 rerum
359 1253 439 1302 vel
464 1272 781 1318 personarum
801 1255 853 1302 in
878 1254 1033 1303 Iliade
1053 1260 1432 1303 memoratarum
1456 1253 1717 1317 picturasa,

178 1349 300 1395 quas
324 1332 582 1396 descripsit
608 1332 812 1380 Iacobus
849 1332 919 1380 La
954 1333 1122 1381 Roche
1146 1333 1199 1380 in
1223 1330 1633 1380 commentatione
1658 1329 1718 1377 de

179 1408 268 1456 hoc
303 1410 464 1458 codice
499 1429 539 1459 a.
573 1412 695 1458 1862
737 1410 870 1458 edita
904 1429 951 1475 p.
984 1428 1024 1458 2.
1095 1410 1236 1458 Folia
1268 1427 1305 1466 1,
1332 1427 1376 1469 4,
1406 1411 1432 1456 6
1461 1415 1511 1456 et
1543 1406 1717 1455 folium

180 1493 405 1535 octavum
430 1494 617 1536 rectum
643 1487 890 1553 Excerpta
925 1489 1178 1536 continent
1202 1506 1265 1536 ex
1296 1487 1454 1535 Procli
1493 1486 1718 1534 Chresto-

182 1564 368 1611 mathia
400 1571 451 1612 et
485 1565 579 1613 alia
602 1565 849 1622 nonnulla,
874 1584 999 1630 quae
1030 1565 1145 1613 huic
1181 1565 1480 1613 Praefationi
1514 1562 1716 1611 subieci-

180 1659 302 1699 mus,
321 1641 452 1690 inter
475 1660 599 1706 quae
624 1643 783 1691 adhuc
808 1643 958 1691 latuit
982 1643 1248 1690 Aristonici
1272 1642 1386 1690 libri
1410 1644 1508 1706 περὶ
1536 1642 1718 1696 σημείων

177 1718 491 1783 Ἀριστάρχου
534 1720 860 1768 Praefationis
904 1720 1248 1785 fragmentum,
1295 1720 1429 1784 quod
1463 1719 1515 1766 in
1548 1717 1718 1765 limine

179 1796 471 1845 scholiorum
507 1798 774 1861 posuimus.
848 1797 983 1845 Folio
1015 1815 1070 1845 12
1104 1798 1277 1862 incipit
1314 1798 1443 1854 Ilias,
1468 1796 1719 1861 quaterni-

179 1874 352 1923 onibus
400 1875 591 1940 scripta‚
639 1876 860 1940 exceptis
911 1875 1102 1923 duabus
1159 1875 1348 1923 ultimis
1406 1875 1545 1931 foliis,
1594 1892 1718 1938 quae

184 1952 426 2001 binionem
473 1952 700 2001 efficiunt.
789 1952 928 2001 Folia
978 1953 1269 2002 exciderunt
1316 1952 1642 2018 undeviginti,
1691 1969 1720 1999 a

177 2048 327 2078 manu
369 2031 634 2079 recentiore
676 2030 917 2096 suppleta,
963 2032 1050 2079 sed
1091 2031 1197 2080 sine
1246 2031 1398 2096 signis
1445 2029 1626 2079 criticis
1669 2035 1720 2077 et

179 2108 384 2166 scholiis,
422 2109 603 2173 quibus
637 2109 770 2157 haud
807 2108 955 2157 dubie
992 2109 1150 2157 caruit
1184 2109 1337 2158 codex
1372 2108 1610 2157 recentior
1655 2111 1718 2155 ex

178 2203 274 2250 quo
312 2185 429 2235 haec
464 2186 807 2251 supplementa
843 2186 1090 2252 descripta
1124 2192 1269 2236 sunt:
1325 2204 1534 2251 quorum
1580 2185 1718 2234 folio-

178 2268 316 2311 rumb
345 2264 495 2313 index
522 2264 600 2312 hic
625 2271 769 2312 est—-

233 2395 252 2414 ³
281 2388 340 2426 De
386 2388 547 2438 picturis
594 2388 777 2427 foliorum
825 2390 953 2441 quarti
1001 2394 1040 2429 et
1090 2391 1189 2429 sexti
1237 2391 1337 2428 infra
1384 2389 1533 2427 dicetur
1579 2401 1616 2438 p.
1649 2388 1715 2426 xli.

180 2451 374 2500 Alterum,
413 2454 479 2491 sed
515 2454 638 2492 multo
681 2455 892 2504 perfectius
938 2456 1160 2494 huiusmodi
1207 2456 1449 2506 picturarum
1497 2453 1717 2503 exemplum

180 2518 364 2567 praebent
383 2519 599 2568 fragmenta
628 2520 768 2558 codicis
797 2521 1059 2572 antiquissimi
1079 2520 1332 2559 Ambrosiani
1352 2521 1400 2557 ab
1420 2519 1467 2557 A.
1489 2518 1593 2556 Maio
1613 2518 1718 2555 edita

181 2582 392 2620 Mediolani
421 2597 453 2622 a.
479 2587 592 2634 1819,
626 2586 751 2623 seculo
784 2587 922 2636 quinto
955 2591 1112 2625 sextove
1145 2600 1221 2624 non
1255 2586 1459 2623 inferiora:
1496 2584 1542 2621 de
1575 2583 1717 2633 quibus

180 2661 277 2698 quae
297 2648 398 2686 dixit
415 2649 541 2687 Maius
562 2650 601 2687 in
620 2650 866 2690 Praefatione
886 2653 1031 2703 partim
1050 2652 1216 2702 repetita
1243 2656 1333 2690 sunt
1363 2664 1385 2688 a
1414 2650 1654 2688 Buttmanno
1675 2649 1714 2686 in

180 2712 409 2764 Appendice
429 2714 477 2750 ad
498 2714 651 2753 Scholia
670 2716 711 2753 in
732 2717 941 2767 Odysseam
961 2731 998 2768 p.
1017 2720 1106 2766 589,
1128 2731 1182 2767 sq.

234 2778 253 2806 b
283 2779 435 2816 Horum
473 2779 653 2817 foliorum
690 2781 881 2820 defectum
910 2783 1147 2820 Villoisonus
1177 2783 1247 2819 sub
1276 2785 1387 2818 textu
1417 2780 1596 2819 editionis
1625 2794 1714 2819 suae

178 2844 339 2890 notavit,
363 2843 564 2882 Bekkerus
592 2858 683 2883 vero
712 2859 789 2884 non
820 2848 946 2886 solum
975 2848 1110 2894 tacuit,
1131 2847 1198 2884 sed
1227 2847 1353 2893 etiam,
1375 2846 1477 2896 quod
1505 2846 1615 2896 peius
1645 2850 1714 2892 est,

179 2909 343 2947 aliorum
363 2909 537 2948 codicum
561 2909 713 2947 scholiis
742 2911 920 2960 pluribus
949 2912 988 2950 in
1017 2913 1086 2950 has
1105 2913 1261 2949 lacunas
1290 2911 1549 2949 incidentibus
1573 2911 1715 2961 siglum

180 2974 216 3012 A
236 2974 451 3025 adscripsit,
473 2975 582 3026 quasi
605 2976 642 3013 in
664 2976 791 3014 codice
812 2977 961 3015 Veneto
981 2978 1016 3015 A
1038 2978 1224 3027 legantur.
