2000 3276
787 147 1136 189 PRAEFATIO.
1672 155 1729 195 vii

265 250 486 299 Medium
526 251 655 299 inter
695 251 875 299 scholia
915 251 1204 315 marginalia
1245 259 1296 300 et
1338 259 1531 301 textum
1573 255 1729 303 locum

197 334 368 377 tenent
388 328 565 377 scholia
588 328 885 386 brevissima,
910 347 1034 394 quae
1058 330 1477 396 intermarginalia
1511 332 1729 389 dicimus,

196 406 247 454 id
273 411 345 454 est
370 406 550 454 scholia
578 423 703 470 quae
735 406 785 453 in
809 413 1032 472 angusto,
1059 407 1190 472 quod
1225 407 1355 456 inter
1390 408 1573 457 scholia
1607 428 1731 457 mar-

196 484 377 548 ginalia
400 489 449 531 et
473 489 667 531 textum
693 484 913 531 relictum
937 490 1012 532 est
1037 485 1194 549 spatio
1218 486 1450 551 marginis
1485 486 1730 535 interioris

197 568 312 608 sunt
336 561 589 626 adscripta.
662 561 789 610 Sunt
814 568 979 610 autem
1016 562 1246 627 pleraque
1273 565 1434 611 omnia
1457 582 1517 612 ex
1543 564 1731 612 Aristo-

198 638 301 685 nico
327 643 378 686 et
403 638 618 704 Didymo
643 645 883 704 excerpta,
911 657 1065 704 quum
1091 640 1278 688 auctori
1305 640 1394 689 hoc
1420 642 1731 705 potissimum

195 716 499 780 propositum
523 722 651 764 esset
674 723 732 764 ut
757 717 995 765 Zenodoti
1019 724 1071 765 et
1095 717 1365 766 Aristarchi
1392 719 1626 767 lectiones
1651 738 1731 767 ex-

197 799 423 857 poneret:
474 811 683 858 quarum
718 795 1029 842 notationum
1064 813 1176 859 pars
1211 795 1425 843 maxima
1460 814 1615 861 quum
1650 797 1730 845 vel

195 870 365 920 iisdem
390 872 469 918 vel
492 870 656 936 paullo
682 872 904 936 pluribus
926 872 1088 921 verbis
1113 873 1264 921 etiam
1297 873 1347 920 in
1384 873 1581 922 scholiis
1606 893 1731 922 mar-

194 949 440 1013 ginalibus
475 948 683 1016 legatur,
721 950 1139 1016 intermarginalia
1175 969 1235 998 ex
1273 951 1625 1015 marginalibus
1651 971 1732 1000 ex-

195 1032 364 1091 cerpta
399 1034 449 1075 et
484 1028 533 1074 in
569 1029 773 1076 formam
798 1028 1070 1076 breviorem
1106 1029 1303 1076 redacta
1326 1029 1481 1077 videri
1517 1037 1730 1094 possent,

195 1104 288 1152 nisi
328 1105 538 1168 plurima
576 1107 884 1154 continerent
925 1124 1049 1170 quae
1092 1124 1190 1153 non
1238 1105 1475 1170 leguntur
1516 1107 1565 1154 in
1609 1126 1731 1155 mar-

193 1181 451 1246 ginalibus,
511 1184 920 1248 quemadmodum
978 1183 1192 1231 vicissim
1258 1184 1429 1241 multa,
1489 1203 1613 1249 quae
1681 1187 1731 1233 in

194 1260 544 1324 marginalibus
576 1262 636 1310 de
664 1261 910 1318 Zenodoti,
937 1261 1215 1309 Aristarchi
1241 1261 1545 1327 aliorumque
1571 1281 1731 1328 gram-

195 1337 486 1385 maticorum
533 1339 787 1404 scripturis
838 1339 1115 1396 traduntur,
1163 1357 1261 1386 non
1319 1340 1634 1404 reperiuntur
1681 1341 1731 1387 in

195 1415 675 1480 int-ermarginalibus
696 1436 703 1464 :
741 1435 801 1464 ex
827 1435 922 1481 quo
947 1416 1170 1481 sequitur
1188 1417 1608 1482 intermarginalia
1631 1436 1729 1465 non

197 1511 257 1540 ex
304 1494 654 1558 marginalibus
700 1494 847 1542 huius
896 1495 1084 1551 codicis,
1133 1494 1216 1542 sed
1263 1512 1322 1542 ex
1372 1495 1521 1542 simili
1567 1496 1730 1559 aliqua

196 1571 483 1618 scholiorum
507 1571 785 1619 collectione
812 1572 871 1619 ab
897 1571 992 1620 alio
1017 1573 1334 1636 grammatico
1358 1589 1461 1619 esse
1484 1579 1726 1637 excerpta,

195 1647 334 1696 nulla
368 1648 538 1696 habita
583 1649 771 1696 ratione
813 1649 1104 1697 scholiorum
1147 1666 1271 1713 quae
1315 1649 1413 1696 iam
1456 1649 1637 1714 scripta
1677 1650 1729 1696 in

194 1725 413 1790 margine
454 1732 628 1782 essent,
672 1727 764 1773 nisi
802 1726 933 1790 quod
970 1726 1136 1791 paucis
1178 1726 1472 1790 quibusdam
1520 1726 1570 1773 in
1612 1725 1728 1774 locis

193 1804 532 1851 annotationes
573 1802 996 1868 intermarginales
1033 1803 1094 1850 ad
1131 1803 1310 1851 scholia
1346 1810 1572 1868 spectant
1606 1821 1729 1852 mar-

193 1881 389 1947 ginalia,
416 1881 558 1929 velut
585 1897 626 1941 5,
658 1883 751 1941 264
788 1881 901 1945 (vol.
936 1899 952 1928 1
985 1899 1028 1946 p.
1061 1898 1169 1939 211,
1201 1882 1265 1945 3),
1301 1881 1387 1929 ubi
1421 1882 1570 1929 verba
1604 1899 1728 1929 mar—

196 1960 320 2024 ginis
343 1959 588 2007 interioris
608 1959 675 2005 διὰ
695 1961 772 2013 τὴν
791 1961 921 2013 αὐτὴν
939 1961 1084 2005 αἰτίαν
1103 1958 1382 2024 significant
1401 1959 1461 2007 de
1480 1958 1728 2007 infinitivo

193 2037 351 2085 ἐλάσαι
376 2038 505 2085 idem
531 2055 633 2085 esse
659 2036 916 2084 dicendum
941 2037 1073 2100 quod
1106 2036 1164 2084 de
1200 2036 1465 2097 infinitivis
1498 2039 1730 2101 ἐρυκακέειν

195 2121 245 2164 et
285 2114 477 2178 ἐπαῗξαι,
518 2115 603 2179 qui
639 2132 726 2179 pro
764 2114 1070 2178 imperativis
1107 2114 1255 2179 positi
1297 2115 1410 2172 sint,
1448 2115 1500 2161 in
1537 2114 1729 2162 scholiis

193 2192 542 2258 marginalibus
576 2209 807 2240 versuum
837 2198 926 2240 262
955 2197 1004 2239 et
1034 2194 1125 2250 263
1163 2191 1347 2239 dixerit
1383 2193 1642 2240 scholiasta
1678 2199 1728 2239 et

194 2271 246 2318 in
269 2276 412 2318 textu
440 2270 574 2331 διπλῇ
597 2269 813 2334 praefixa
849 2268 1175 2333 significatum
1209 2269 1287 2317 sit.
1361 2270 1548 2318 Eodem
1583 2270 1728 2317 modo

194 2349 245 2395 in
280 2347 457 2396 scholio
493 2346 881 2411 intermarginali
905 2347 967 2394 ad
1001 2364 1074 2403 IO,
1105 2364 1196 2409 117
1227 2347 1336 2411 (vol.
1371 2365 1390 2394 1
1420 2365 1463 2411 p.
1489 2350 1597 2406 346,
1632 2347 1723 2409 10.)

197 2426 356 2473 verbis
381 2425 448 2472 διὰ
472 2427 549 2479 τὴν
581 2425 710 2478 αὐτὴν
735 2426 876 2470 αἴτι’τιν
902 2424 1206 2488 significatur
1230 2425 1289 2472 de
1314 2424 1462 2471 VerbO
1494 2425 1726 2470 πονέεσθαι

195 2521 243 2550 v.
276 2520 363 2561 117
402 2503 532 2550 idem
568 2520 670 2549 esse
707 2502 980 2560 dicendum,
1014 2502 1144 2566 quod
1180 2503 1239 2550 de
1278 2501 1445 2549 eodem
1481 2501 1628 2548 verbo
1664 2501 1727 2549 ad

195 2598 241 2627 v.
274 2582 363 2627 116
391 2586 679 2627 annotatum
705 2580 768 2627 sit
792 2579 842 2626 in
867 2579 1046 2627 scholio
1071 2579 1330 2644 marginali
1354 2595 1524 2625 versus
1555 2595 1573 2624 1
1589 2581 1660 2626 16.

263 2656 448 2703 Eadem
489 2657 650 2703 omnia
697 2657 755 2704 de
802 2657 996 2704 scholiis
1043 2656 1521 2720 intermarginalibus
1568 2673 1727 2720 gram-

196 2735 385 2782 maticis
427 2740 476 2781 et
514 2734 777 2799 exegeticis
822 2735 1023 2783 dicenda
1062 2741 1190 2791 sunt,
1228 2752 1352 2798 quae
1388 2734 1494 2798 ipsa
1530 2751 1726 2798 quoque

196 2812 478 2860 brevissima
514 2817 631 2858 sunt
665 2818 716 2859 et
750 2830 928 2878 magna
962 2830 1022 2860 ex
1058 2818 1199 2877 parte
1236 2812 1408 2860 iisdem
1443 2811 1522 2859 vel
1559 2811 1726 2859 simili-

197 2889 288 2938 bus
323 2889 484 2938 verbis
519 2896 751 2953 concepta
786 2891 915 2938 inter
950 2890 1126 2938 scholia
1168 2889 1402 2953 ampliora
1441 2889 1727 2954 marginalia
