2000 3276
741 158 1088 200 PRAEFATIO.
1578 158 1678 198 xxix

146 266 411 315 Anecdotis
437 265 618 330 aliique
643 264 695 311 in
713 264 869 312 lucem
891 263 1245 329 produxerunt.
1306 261 1434 308 Nam
1460 260 1518 308 de
1545 260 1678 309 omni

146 344 237 392 hac
281 345 551 409 scripturae
598 342 898 398 diversitate,
945 347 1193 406 quatenus
1241 356 1414 404 operae
1464 338 1678 402 pretium

148 422 255 478 erit,
289 426 336 469 et
370 421 584 469 virorum
624 420 875 468 doctorum
915 416 1338 466 observationibus
1375 416 1426 463 in
1458 415 1681 463 Annota-

148 500 364 548 tionibus
387 498 650 547 voluminis
676 496 841 545 ultimi
866 497 1058 544 dicetur
1081 501 1192 560 post
1217 494 1450 559 impressa
1475 492 1680 540 aliorum

148 578 365 626 codicum
401 576 594 630 scholia,
621 592 746 639 quae
778 575 908 622 inter
942 591 993 621 se
1029 571 1353 637 comparanda
1388 577 1546 619 erunt.
1619 569 1680 617 In

149 656 209 703 iis
228 655 356 703 enim
380 671 505 718 quae
531 671 662 701 nunc
686 652 776 701 edo
792 651 1124 700 voluminibus
1149 650 1339 698 duobus
1366 648 1537 713 primis
1557 647 1682 695 nihil

150 732 360 797 amplius
398 732 521 779 mihi
555 731 863 797 propositum
898 729 994 778 fuit
1029 746 1176 793 quam
1211 734 1269 775 ut
1304 726 1483 774 scholia
1518 725 1682 789 qualia

149 811 202 857 in
233 810 393 858 codice
419 809 612 858 Veneto
636 810 683 856 A
709 808 953 874 leguntur,
979 824 1075 855 non
1099 823 1209 854 cum
1235 804 1437 852 aliorum
1461 803 1681 851 codicum

151 887 355 944 scholiis,
381 894 441 935 ut
469 887 628 935 adhuc
651 886 836 934 factum
872 889 990 942 erat,
1015 884 1273 949 permixta,
1302 882 1388 930 sed
1422 887 1682 946 segregata

151 966 212 1014 ab
242 965 341 1013 illis
377 965 670 1019 exhiberem,
695 962 1103 1028 quemadmodum
1135 960 1324 1009 scholiis
1349 959 1562 1008 vetustis
1587 960 1682 1005 Ae-

152 1043 306 1108 schyli
333 1050 385 1092 et
418 1041 670 1107 Sophoclis
697 1041 758 1089 ad
781 1041 924 1089 fidem
960 1040 1136 1088 codicis
1161 1037 1371 1086 Medicei
1407 1037 1552 1085 editis
1587 1035 1684 1084 uti-

153 1139 273 1179 mur,
311 1121 511 1169 remotis
547 1120 726 1185 quibus
762 1119 876 1167 olim
913 1117 1172 1166 incrustari
1209 1115 1429 1164 solebant
1452 1114 1684 1178 Byzanti-

154 1216 326 1247 norum
351 1198 696 1262 magistrorum
720 1196 1089 1245 commentariis.

222 1276 425 1324 Codices
441 1276 626 1324 Veneto
651 1276 698 1322 A
722 1274 854 1322 omni
879 1292 940 1322 ex
966 1280 1105 1338 parte
1131 1272 1325 1328 similes,
1351 1271 1403 1319 id
1426 1277 1501 1319 est
1530 1270 1684 1334 signis

152 1355 331 1403 criticis
367 1353 638 1402 Aristarchi
676 1358 723 1401 et
768 1353 971 1418 copiosis
1013 1370 1074 1400 ex
1116 1350 1408 1407 Asistonico,
1453 1348 1683 1412 Didymo,

155 1433 434 1481 Herodiano
460 1438 510 1480 et
526 1432 766 1480 Nicanore
791 1431 1034 1496 excerptis
1058 1429 1302 1485 instructi,
1328 1427 1452 1475 nulli
1475 1444 1682 1490 usquam

154 1510 338 1574 reperti
373 1516 501 1558 sunt.
590 1509 718 1556 Nam
758 1526 999 1556 rumorem
1035 1525 1192 1572 nuper
1225 1524 1312 1571 per
1347 1503 1685 1569 ephemerides

157 1584 373 1633 Gallicas
407 1601 628 1648 sparsum
664 1584 723 1631 de
759 1583 920 1631 codice
954 1589 1153 1630 vetusto
1178 1581 1359 1636 Athoo‚
1391 1579 1475 1643 qui
1511 1577 1686 1626 codicis

155 1662 337 1711 Veneti
370 1662 666 1726 archetypus
703 1660 871 1708 haberi
903 1666 954 1708 et
978 1658 1291 1722 undeviginti
1317 1657 1543 1705 foliorum
1579 1656 1686 1703 eius

156 1741 392 1788 iacturam
416 1757 722 1804 compensare
751 1739 917 1803 possit,
942 1737 1258 1785 vanissimum
1285 1735 1435 1783 fuisse
1471 1733 1687 1782 ostendit

156 1818 213 1867 E.
239 1818 463 1883 Eggerus
485 1818 537 1864 in
560 1817 618 1864 iis
643 1834 767 1881 quae
792 1816 988 1880 scripsit
1020 1815 1071 1862 in
1097 1815 1261 1862 Revue
1284 1811 1683 1875 Ardffloloyique,

156 1895 361 1943 Fcivrier
393 1898 530 1955 1875,
554 1912 600 1959 p.
630 1912 645 1942 1
661 1912 733 1950 21,
764 1910 870 1940 122.
908 1893 1046 1940 cuius
1071 1910 1132 1940 ex
1155 1890 1435 1938 narratione
1460 1889 1688 1937 discimus

157 1975 210 2022 L.
261 1973 535 2030 Duchesne‚
587 1972 816 2020 abbatem
874 1970 1222 2025 doctissimum,
1283 1968 1336 2015 in
1394 1967 1687 2015 monasterio

156 2051 336 2100 montis
383 2050 532 2108 Atho,
581 2049 712 2114 quod
753 2048 999 2113 Vatopedi
1051 2065 1230 2095 nomen
1285 2046 1424 2111 gerit,
1477 2044 1686 2093 codicem

159 2129 326 2177 Iliadis
358 2128 666 2176 chartaceum
703 2125 851 2175 seculi
887 2125 1049 2190 quinti
1085 2124 1262 2173 decimi
1294 2123 1527 2187 reperisse
1563 2123 1688 2170 eius-

160 2225 255 2271 que
280 2205 460 2254 scholia
484 2224 540 2253 ea
563 2223 688 2269 quae
714 2204 774 2252 ad
799 2211 963 2268 partes
988 2221 1050 2251 ex
1083 2203 1244 2250 codice
1266 2201 1462 2249 Veneto
1499 2199 1688 2247 ablatas

160 2285 411 2349 pertinent
457 2301 544 2332 sua
573 2284 725 2348 ipsius
766 2300 917 2330 manu
953 2299 1016 2329 ex
1057 2280 1237 2345 Viginti
1277 2279 1468 2327 duobus
1514 2277 1689 2325 codicis

159 2362 312 2410 Athoi
348 2361 477 2409 foliis
513 2360 828 2425 descripsisse.
899 2359 1067 2407 Huius
1101 2356 1376 2422 apographi
1409 2373 1553 2403 usum
1584 2355 1689 2401 Du-

159 2440 394 2496 chesnius,
441 2439 771 2487 intercedente
817 2438 898 2485 W.
938 2437 1003 2485 H.
1041 2435 1418 2500 VVaddingt-onQ
1461 2433 1688 2480 Instituti

162 2516 515 2582 Francogallici
550 2516 673 2564 socio
709 2515 989 2571 clarissimo,
1030 2512 1364 2561 liberalissime
1401 2511 1539 2558 nobis
1580 2528 1688 2557 con-

162 2594 339 2642 cessit:
394 2595 524 2642 unde
557 2594 676 2641 haec
712 2593 894 2641 scholia
928 2593 979 2639 in
1016 2591 1281 2639 editionem
1324 2606 1482 2636 meam
1529 2588 1688 2652 recepi

162 2672 222 2720 ad
259 2688 300 2731 5,
342 2677 616 2732 349—633·
666 2688 737 2730 17,
780 2686 1052 2734 279—572-
1093 2672 1369 2727 751-761-
1416 2682 1484 2726 19,
1530 2682 1689 2728 149—

167 2767 273 2810 320.
333 2767 405 2809 24,
451 2751 729 2808 418—482.
788 2755 846 2795 ut
892 2747 1088 2795 lacunas
1138 2745 1311 2792 codicis
1357 2743 1551 2799 Veneti,
1596 2744 1688 2791 etsi

164 2828 364 2875 minima
387 2832 584 2873 tantum
609 2842 670 2872 ex
699 2831 854 2890 parte,
881 2823 1142 2888 explerem.
1194 2821 1262 2878 ‚N
1263 2839 1340 2868 am
1372 2820 1552 2868 scholia
1584 2821 1689 2885 ipsa

164 2903 489 2953 consideranti
524 2903 693 2950 statim
726 2901 985 2966 apparebit
1017 2905 1214 2947 tantum
1256 2898 1420 2945 abesse
1449 2905 1508 2945 ut
1541 2899 1692 2946 unde-

165 2982 344 3046 viginti
389 2981 615 3029 foliorum
664 2979 840 3027 codicis
881 2977 1062 3026 Veneti
1103 2972 1339 3024 iacturam
1380 2993 1690 3040 compensare
