2000 3276
714 159 1061 200 PRAEFATIO.
1540 158 1655 199 xxvii

123 262 299 310 criticis
341 269 391 310 et
433 261 625 311 scholiis
663 279 816 326 quum
853 262 1000 310 huius
1042 260 1218 310 codicis
1255 266 1363 308 tum
1401 260 1576 309 Veneti
1612 262 1655 308 B

125 338 264 403 (453)
296 347 348 389 et
371 340 639 407 Lipsiensis
663 340 888 388 Venetiis
923 339 1079 388 edidit
1103 356 1143 388 a.
1174 341 1312 399 1788,
1337 338 1492 386 doctis
1516 355 1653 403 prae-

122 419 282 467 missis
307 417 686 485 Prolegomenis‚
714 418 799 467 sed
823 418 1027 475 scholiis,
1053 435 1177 483 quae
1204 416 1403 466 consilio
1427 434 1654 482 perverso

123 496 225 544 sine
260 498 535 546 accentibus
571 502 691 545 sunt
725 496 976 562 impressa,
1011 502 1154 544 tanta
1195 494 1498 561 negligentia
1531 501 1656 543 trac-

122 574 254 631 tatis,
279 581 339 623 ut
360 593 459 624 non
483 574 643 623 solum
667 574 826 623 multa
851 575 1115 630 omitteret,
1142 574 1225 622 sed
1261 573 1410 621 etiam
1445 573 1657 638 plurima

119 670 217 700 non
252 652 517 702 intellectis
551 653 818 718 scripturae
843 652 1143 718 compendiis
1167 652 1292 700 male
1316 651 1513 717 legeret,
1539 669 1658 716 quo-

120 747 229 778 rum
265 748 482 780 errorum
518 731 746 796 exempla
778 749 878 780 non
913 749 1069 796 pauca
1102 730 1300 778 Bastius
1335 730 1571 794 produxit
1606 730 1658 778 in

118 809 517 858 annotationibus
552 809 615 858 ad
641 809 934 875 Gregorium
966 808 1278 857 Corinthium
1303 813 1355 855 et
1379 807 1430 855 in
1455 808 1656 873 Appen-

119 885 223 934 dice
262 887 326 935 ad
360 883 634 953 Epistolam
669 887 898 937 criticam.
985 887 1176 935 Horum
1213 903 1425 934 errorum
1464 893 1654 951 partem

118 965 315 1029 quidem
334 982 563 1032 magnam
587 966 798 1015 correxit
817 965 1088 1022 Bekkerus,
1106 982 1261 1030 quum
1284 963 1468 1013 scholia
1492 964 1653 1014 codice

118 1042 278 1092 denuo
314 1047 362 1092 et
396 1044 670 1093 accuratius
699 1043 875 1093 collato
902 1043 1117 1092 Berolini
1141 1043 1308 1092 ederet
1331 1062 1370 1091 a.
1406 1046 1544 1105 1825,
1570 1043 1653 1092 sed

116 1127 283 1171 tamen
306 1128 497 1188 partem
533 1141 631 1172 non
666 1122 898 1189 exiguam
932 1125 1170 1171 intactam
1194 1121 1402 1187 reliquit
1427 1127 1478 1170 et
1501 1140 1652 1170 novos

114 1200 219 1265 ipse
244 1216 426 1249 errores
449 1219 547 1249 non
571 1218 750 1266 paucos
780 1201 1035 1258 commisit,
1061 1200 1193 1266 quod
1220 1198 1457 1264 exemplis
1480 1199 1651 1248 multis

114 1278 328 1328 ostendit
364 1278 421 1328 Gr.
458 1279 710 1345 Pluygers,
746 1279 833 1344 qui
872 1279 1047 1328 Cobeti
1085 1278 1326 1343 excerptis
1367 1295 1483 1326 usus
1525 1296 1651 1326 com-

115 1356 467 1405 mentationem
492 1356 551 1405 de
575 1357 650 1405 his
682 1356 878 1405 scholiis
903 1356 1137 1422 Lugduni
1163 1357 1464 1405 Batavorum
1493 1356 1651 1405 edidit

114 1452 153 1483 a.
190 1438 327 1496 1847.
399 1435 626 1484 Peccavit
654 1441 822 1483 autem
846 1434 1103 1483 Bekkerus
1140 1452 1235 1482 non
1271 1433 1425 1483 solum
1461 1434 1649 1483 omissis

113 1512 191 1560 vel
214 1530 313 1560 non
336 1519 466 1561 recte
489 1512 628 1561 lectis
651 1512 844 1561 scholiis
868 1512 1050 1569 multis,
1076 1512 1160 1560 sed
1186 1512 1334 1560 etiam
1367 1529 1509 1577 saepe
1541 1530 1649 1561 con-

115 1589 236 1638 fusis
260 1590 477 1639 codicum
513 1589 662 1656 siglis,
686 1596 746 1638 ut
777 1590 935 1638 multa
958 1590 1009 1638 in
1041 1590 1202 1638 codice
1227 1589 1419 1638 Veneto
1443 1590 1522 1637 vel
1549 1590 1646 1655 legi

112 1667 377 1716 videantur
412 1685 537 1733 quae
571 1686 669 1715 non
693 1667 927 1733 leguntur
950 1668 1029 1716 vel
1053 1668 1219 1718 abesse
1246 1685 1371 1732 quae
1394 1667 1644 1732 leguntur,

111 1763 200 1793 nec
233 1761 340 1793 raro
373 1745 552 1793 scholia
586 1745 761 1794 codicis
784 1745 966 1793 Veneti
991 1745 1034 1793 A
1059 1764 1118 1793 ex
1156 1745 1262 1793 aliis
1295 1745 1539 1794 codicibus
1574 1745 1646 1793 in-

110 1823 388 1888 terpolavit,
431 1822 510 1871 vel
556 1840 669 1872 cum
710 1822 917 1871 aliorum
963 1823 1182 1871 codicum
1223 1822 1430 1880 scholiis,
1473 1823 1644 1871 addita

110 1901 361 1950 interdum
386 1903 430 1949 δέ
458 1900 710 1968 particula,
736 1901 809 1949 ita
839 1900 1202 1966 conglutinavit
1234 1907 1293 1948 ut
1320 1899 1381 1948 ab
1404 1918 1502 1948 uno
1531 1901 1646 1949 scri-

110 1985 198 2045 pta
232 1997 336 2028 esse
370 1979 687 2046 grammatico
719 1980 979 2028 videantur
1013 1997 1137 2044 quae
1173 1998 1202 2026 a
1236 1977 1426 2027 duobus
1461 1978 1644 2043 scripta

108 2063 238 2105 sunt.
310 2058 415 2106 Hos
453 2057 607 2123 igitur
641 2056 861 2122 aliosque
897 2056 1052 2104 omnis
1086 2057 1277 2122 generis
1319 2072 1501 2104 errores
1535 2056 1643 2121 plu-

107 2135 254 2183 rimos
289 2135 341 2183 in
375 2153 504 2183 nova
536 2135 626 2183 hac
660 2135 951 2184 scholiorum
986 2134 1197 2183 editione
1233 2133 1431 2191 correxi,
1467 2134 1644 2182 eximie

108 2212 308 2262 adiutus
342 2213 550 2262 duorum
581 2213 971 2262 doctissimorum
1005 2213 1268 2261 amicorum
1302 2211 1561 2276 diligentia
1592 2219 1644 2260 et

106 2292 296 2355 peritia,
333 2292 390 2341 O.
429 2292 487 2341 G.
515 2291 689 2341 Cobeti
725 2298 776 2340 et
812 2292 872 2339 D.
907 2291 961 2339 B.
1001 2291 1174 2339 Monro
1212 2290 1512 2346 Oxoniensis,
1555 2291 1641 2355 qui

108 2369 318 2418 codicem
355 2370 514 2418 denuo
549 2370 621 2418 ita
656 2387 766 2418 cum
800 2369 1012 2418 editione
1045 2357 1262 2416 Bekkeri
1297 2374 1642 2431 compararunt

37 2446 40 2449 ⁴
107 2454 167 2495 ut
201 2447 322 2495 nihil
357 2464 564 2513 usquam
600 2447 923 2496 dubitationis
958 2447 1019 2494 de
1061 2446 1298 2510 scriptura
1344 2444 1459 2491 mihi
1498 2444 1639 2492 relin-

107 2531 326 2589 querent.
396 2526 536 2574 Vitia
581 2525 768 2583 codicis,
817 2541 1027 2590 quorum
1074 2529 1206 2572 certa
1253 2521 1533 2570 emendatio
1580 2522 1640 2570 ab

110 2601 215 2650 aliis
237 2600 401 2650 velab
424 2621 501 2651 me
525 2604 633 2668 ipso
664 2604 865 2652 inventa
897 2608 1036 2658 esset,
1061 2600 1264 2658 correxi,
1291 2617 1498 2664 quorum
1522 2617 1638 2648 vero

108 2679 291 2728 incerta
322 2680 594 2728 emendatio
628 2686 755 2728 esset
778 2680 953 2728 notavi
977 2680 1028 2726 in
1052 2677 1462 2726 annotationibus.
1533 2677 1638 2726 Ali-

105 2764 292 2823 quanto
327 2756 471 2822 plura
511 2775 573 2805 ex
613 2758 717 2806 aliis
759 2758 1017 2806 emendata
1057 2762 1175 2804 sunt
1212 2755 1456 2803 codicibus
1472 2767 1510 2813 Π,
1552 2757 1637 2821 qui

160 2879 182 2898 n
210 2870 269 2908 De
298 2870 384 2908 aliis
411 2870 472 2908 his
501 2869 693 2908 codicibus
722 2883 842 2920 quum
870 2870 910 2907 in
939 2869 1014 2907 alia
1041 2869 1157 2906 huius
1186 2868 1366 2906 editionis
1394 2871 1504 2919 parte
1523 2869 1637 2918 plura

105 2935 266 2973 dicenda
285 2936 372 2982 sint,
398 2935 551 2974 interim
571 2935 762 2973 monuisse
787 2934 949 2972 sufficiet
968 2933 1252 2972 emendationes
1278 2934 1478 2985 plerasque
1508 2947 1637 2972 omnes

103 3000 234 3039 deberi
262 3001 410 3040 Veneto
432 3001 474 3049 B,
505 3000 759 3047 Townleiano‚
791 2999 993 3050 Lipsiensi,
1024 2999 1211 3050 Angelieo
1241 2999 1467 3051 Matrangae
1498 3000 1635 3049 (Aned.
