2000 3276
708 135 1055 177 PRAEFATIO.
1593 151 1646 176 xv

123 240 303 288 Veneti
327 242 373 288 A
400 240 700 303 aliorumque
736 240 953 287 codicum
980 239 1040 286 ad
1073 256 1109 295 1,
1140 255 1230 299 399
1260 239 1535 301 iterumque
1577 256 1648 293 22,

130 324 217 366 126
245 323 266 372 ἦ
291 320 468 382 ἱστορία
494 316 615 380 παρὰ
652 317 837 375 Διδύμῳ,
867 334 990 380 quae
1026 317 1086 364 ad
1123 315 1321 381 Didymi
1360 319 1647 370 ὑπομνήματα

116 396 307 446 Ἰλιάδος
330 397 397 442 καὶ
421 395 677 444 Ὀδυσσείας
701 394 896 442 rettulit
927 394 993 443 M.
1022 394 1321 442 Schmidtius
1357 394 1407 441 in
1444 393 1564 440 libro
1590 394 1649 441 de

124 474 336 538 Didymo
360 491 405 538 p.
438 488 541 533 179,
571 474 674 519 182.
727 471 836 519 Hae
863 471 1017 536 igitur
1041 472 1341 519 narrationes
1366 489 1464 519 uno
1490 487 1654 519 omnes

121 569 264 616 opere
311 554 515 614 ἱστοριῶν
561 549 754 597 nomine
797 549 1033 612 inscripto
1080 549 1451 613 comprehensae
1502 548 1652 596 fuisse

121 629 364 684 videntur,
422 627 829 692 quemadmodum
889 626 940 673 in
998 626 1245 674 codicibus
1303 625 1651 674 recentioribus

125 705 280 769 (velut
332 705 553 753 Parisino
593 710 715 764 2556
757 702 890 769 apud
938 703 1224 752 Cramerum
1272 703 1452 751 Anecd.
1502 703 1651 751 Paris.

120 783 211 831 vol.
244 799 269 842 3
298 800 343 847 p.
379 784 467 843 146
493 790 543 831 et
569 782 765 831 Ioannis
796 782 998 829 Tzetzae
1031 781 1253 829 Romano
1278 781 1408 845 apud
1433 781 1653 828 Matran-

122 878 234 924 gam
258 860 353 908 vol.
382 877 405 907 2
432 878 480 925 p.
507 861 624 923 361)
665 859 889 908 breviora
923 859 1204 907 huiusmodi
1239 864 1469 922 excerpta
1503 858 1653 905 histo-

120 938 219 985 rica
263 940 455 1002 ἱστορίαι
503 939 571 984 καὶ
619 939 799 1001 ἀπορίαι
858 937 1092 1002 inscripta
1139 942 1258 984 sunt
1305 941 1352 983 et
1400 935 1653 983 Parthenii

122 1014 323 1063 Nicaeni
363 1016 694 1063 narrationum
732 1014 940 1080 singulis
978 1014 1078 1062 fere
1114 1013 1356 1078 capitibus
1390 1013 1654 1077 praescrip-

122 1097 224 1140 tum
264 1099 337 1141 est
373 1100 398 1118 “
413 1096 585 1158 ἱστορεῖ
598 1093 620 1111 ”
642 1093 720 1141 vel
746 1097 808 1147 “²5
833 1095 1011 1156 ἱστορία
1037 1091 1203 1155 παρά,”
1239 1090 1422 1139 additis
1453 1091 1652 1155 scripto-

122 1189 243 1229 rum,
270 1189 330 1219 ex
355 1172 531 1236 quibus
557 1177 813 1236 excerptae
838 1175 968 1227 sunt,
993 1169 1310 1217 nominibusi.

190 1249 329 1297 Talia
375 1250 528 1314 igitur
567 1249 727 1297 omnia
767 1248 828 1296 ab
865 1248 1059 1296 scholiis
1101 1245 1459 1311 antiquioribus
1494 1262 1654 1310 segre-

122 1327 285 1391 ganda
308 1344 412 1375 esse
436 1331 584 1392 patet,
610 1333 668 1374 ut
691 1326 873 1375 scholia
906 1327 1122 1391 genuina
1157 1328 1392 1389 quattuor
1413 1341 1654 1388 gramma-

123 1404 330 1452 ticorum
375 1409 610 1461 veterum,
670 1403 944 1461 Aristonici,
1003 1402 1222 1467 Didymi,
1282 1400 1547 1449 Herodiani
1604 1405 1652 1447 et

125 1480 389 1537 Nicanoris,
414 1483 504 1530 etsi
527 1481 642 1529 locis
676 1499 775 1529 non
810 1480 977 1545 paucis
1008 1480 1207 1535 defecta,
1233 1482 1496 1543 emergant,
1521 1478 1653 1542 quod

124 1558 357 1605 laudabili
397 1558 651 1623 diligentia
692 1557 953 1605 effecerunt
996 1556 1263 1604 Aristonici
1304 1562 1356 1603 et
1397 1555 1652 1602 Nicanoris

124 1635 317 1684 scholiis
353 1636 610 1701 separatim
646 1635 793 1683 editis
822 1634 873 1682 L.
899 1634 938 1681 F
941 1633 1320 1691 riedlaenderus,
1350 1632 1555 1697 Didymi
1580 1632 1648 1679 M.

127 1713 439 1770 Schmidtius,
473 1712 973 1766 Herodiani.’1>xca1<779
1006 1711 1252 1775 προσῳδίας
1285 1710 1562 1774 excerptisk
1602 1708 1651 1756 O.

125 1790 368 1839 Lehrsius.
441 1790 714 1855 Principem
751 1790 879 1837 inter
914 1789 1031 1837 haec
1073 1787 1254 1836 scholia
1289 1788 1447 1835 locum
1482 1792 1653 1834 tenent

125 1869 390 1917 Aristonici
435 1875 486 1916 et
532 1867 731 1933 Didymi
777 1868 1064 1924 notationes,
1113 1865 1290 1930 quibus
1336 1882 1485 1929 prope
1538 1863 1652 1911 solis

126 1945 356 1994 debemus
384 1964 510 2011 quae
542 1947 602 1994 de
638 1945 889 2004 Zenodoti,
924 1943 1263 2008 Aristophanis
1299 1947 1347 1991 et
1386 1941 1652 1990 Aristarchi

124 2024 482 2073 recensionibus
519 2024 837 2088 codicumque
875 2023 1190 2087 antiquorum
1233 2020 1487 2085 scripturis
1528 2037 1652 2067 com-

125 2110 265 2166 perta
298 2101 547 2159 habemus,
577 2120 701 2167 quae
737 2100 1053 2166 quantumvis
1088 2099 1292 2164 copiosa,
1319 2104 1483 2146 tamen
1517 2096 1654 2145 nulla

126 2197 187 2227 ex
211 2187 350 2243 parte
375 2180 520 2244 plena
545 2185 594 2229 et
618 2179 834 2245 perfecta
867 2184 983 2227 sunt
1007 2195 1104 2226 non
1129 2177 1284 2225 solum
1308 2175 1654 2240 epitomatoris,

126 2258 211 2322 qui
235 2258 501 2306 Aristonici
526 2263 574 2306 et
595 2258 799 2322 Didymi
822 2257 969 2305 libros
993 2255 1247 2320 excerpsit,
1268 2258 1315 2302 et
1332 2252 1653 2307 librariorum,

126 2335 212 2399 qui
248 2335 457 2399 plurima
489 2336 770 2393 omiserunt,
813 2334 897 2383 sed
932 2334 1079 2382 etiam
1117 2330 1380 2380 Aristonici
1414 2330 1568 2394 ipsius
1603 2335 1653 2376 et

129 2412 331 2477 Didymi
355 2413 512 2478 culpa,
536 2431 656 2478 quos
679 2413 993 2461 manifestum
1029 2418 1103 2458 est
1139 2427 1262 2474 quae
1299 2408 1357 2455 de
1395 2405 1653 2460 Zenodoto‚

183 2576 194 2604 ἱ
221 2576 460 2615 Recentioris
480 2576 639 2627 originis
662 2589 743 2614 esse
762 2575 944 2614 videntur
964 2587 1061 2624 quae
1090 2587 1137 2610 ex
1167 2570 1392 2621 Apollodori
1413 2567 1652 2606 Bibliotheca

133 2645 186 2689 (2,
202 2653 236 2691 5,
258 2644 322 2688 12)
343 2642 574 2691 transcripta
594 2641 850 2691 interpolator
865 2640 1010 2678 scholio
1031 2640 1079 2676 ad
1101 2641 1136 2684 8,
1161 2638 1237 2685 368
1259 2636 1305 2673 de
1327 2634 1496 2672 Cerbero
1516 2632 1651 2671 adiun-

130 2707 187 2744 xit
208 2721 215 2743 :
246 2706 372 2755 qualia
391 2706 503 2755 plura
522 2706 562 2743 in
583 2707 710 2744 codice
730 2707 877 2743 Veneto
905 2705 937 2742 B
965 2703 1212 2754 reperiuntur
1240 2713 1287 2738 ex
1315 2699 1503 2736 Pausania
1521 2697 1651 2736 Palae-

129 2772 258 2822 phato‚
280 2771 452 2820 Diogene
471 2770 637 2816 Laertio,
658 2771 805 2809 Ioanne
827 2769 1052 2818 Philopono,
1075 2766 1196 2805 Suida
1216 2765 1376 2814 aliisque
1396 2766 1588 2812 excerpta.

182 2835 205 2865 k
223 2836 418 2885 Excerpta
436 2848 484 2872 ex
496 2836 620 2881 Ἰλιακῇ
639 2837 815 2884 προσῳδίᾳ
833 2847 909 2872 non
927 2833 1070 2882 ubique
1090 2830 1311 2881 expeditum
1327 2831 1384 2867 est
1399 2828 1447 2866 ab
1465 2827 1655 2877 excerptis

129 2901 178 2939 ad
201 2901 276 2940 alia
304 2900 518 2939 Herodiani
547 2900 688 2949 scripta
716 2899 923 2937 referendis
951 2897 1184 2934 discernere:
1214 2895 1261 2932 de
1281 2908 1356 2944 quo
1375 2893 1539 2932 videnda
1559 2905 1655 2943 quae

131 2966 314 3004 Lentzius
334 2966 433 3003 dixit
452 2966 491 3002 in
513 2964 752 3002 Praefatione
771 2963 819 3000 ad
840 2962 1107 3001 Herodianum
1127 2960 1199 2999 vol.
1225 2973 1240 2998 1
1265 2973 1301 3010 p.
1321 2957 1620 2996 lxxiv—lxxxii.
