2000 3276
694 156 1039 197 PRAEFATIO.
1595 156 1634 195 xi

114 264 272 326 1866).
334 262 516 311 Omnes
540 267 702 309 autem
728 261 818 309 hae
847 260 1204 326 disputationes
1236 259 1296 306 ab
1329 258 1634 324 singularum

108 340 477 405 rhapsodiarum
533 340 582 386 in
642 338 801 386 codice
850 338 1041 386 Veneto
1088 337 1440 402 subscriptione
1487 354 1635 402 supra

108 424 376 466 memorata
410 417 796 483 proficiscuntur,
831 417 882 463 in
919 434 1017 480 qua
1052 420 1287 480 quattuor
1322 415 1634 478 antiquorum

108 496 218 543 libri
260 496 574 544 nominant-ur
609 494 1048 559 grammaticorum,
1086 492 1364 549 Aristonici,
1414 492 1634 558 Didymi,

111 574 380 622 Herodiani
404 579 455 620 et
479 572 730 620 Nicanoris
746 575 774 629 f,
803 588 1011 636 quorum
1045 588 1103 618 ex
1129 571 1488 618 commentariis
1518 570 1638 618 haec

110 652 398 700 scholiorum
443 649 660 698 collectio
707 650 773 697 sit
820 648 1116 713 composita:
1176 648 1260 712 qui
1319 648 1428 696 libri
1486 666 1638 712 quum

109 729 297 793 pridem
350 727 532 792 perditi
579 733 741 775 essent
790 744 886 790 quo
943 732 1158 790 tempore
1217 725 1368 773 codex
1415 725 1637 773 Venetus

109 806 320 870 scriptus
361 811 449 861 est,
491 804 807 852 manifestum
854 809 930 852 est
967 803 1370 868 subscriptionem
1406 802 1542 849 illam
1577 819 1636 849 ex

108 883 350 932 codicibus
385 882 540 930 multo
578 880 934 946 antiquioribus
969 886 1214 928 servatam
1257 898 1370 938 esse,
1407 880 1638 944 quemad-

109 961 308 1009 modum
355 959 537 1008 similes
579 959 869 1007 scholiorum
911 958 1165 1022 Euripidis
1207 965 1257 1006 et
1293 957 1639 1022 Aristophanis

110 1039 499 1103 subscriptiones,
524 1038 583 1085 de
610 1037 789 1102 quibus
813 1036 916 1084 dixi
940 1036 988 1083 in
1023 1036 1330 1084 Praefatione
1365 1035 1427 1083 ad
1462 1035 1640 1083 scholia

111 1115 373 1181 Euripidea
410 1115 501 1164 vol
535 1133 553 1162 1
594 1133 638 1179 p.
666 1114 819 1172 xxvii,
858 1131 917 1162 ex
953 1114 1308 1178 antiquioribus
1344 1119 1640 1178 propagatae

110 1201 228 1242 sunt
263 1194 518 1250 codicibus,
553 1193 689 1241 nulla
724 1191 893 1240 habita
927 1192 1115 1239 ratione
1149 1192 1480 1239 mutationum
1519 1208 1640 1255 quas

109 1271 398 1337 primigenia
422 1270 710 1319 scholiorum
736 1270 1103 1318 Homericorum
1127 1287 1383 1334 compages
1406 1268 1639 1317 insecutis

109 1367 266 1414 usque
301 1349 360 1397 ad
400 1349 547 1397 medii
578 1348 683 1396 aevi
724 1351 943 1412 tempora
979 1347 1150 1395 seculis
1185 1347 1419 1411 plurimas
1455 1353 1505 1395 et
1541 1364 1640 1393 ina-

110 1427 266 1475 ximas
295 1427 524 1483 subierat,
550 1444 756 1491 quarum
782 1425 962 1473 indicia
986 1425 1186 1489 quaevis
1212 1425 1314 1472 fere
1345 1423 1639 1472 collectionis

112 1521 208 1568 qua
224 1522 354 1551 nunc
373 1504 558 1551 utimur
576 1504 756 1567 pagina
781 1502 994 1566 praebet.
1035 1502 1210 1566 Neque
1230 1502 1359 1549 enim
1381 1501 1640 1548 verisimile

112 1588 184 1630 est
210 1581 593 1645 grammaticum,
615 1580 702 1644 qui
725 1580 842 1627 haec
861 1579 1149 1627 scholiorum
1171 1585 1388 1626 veterum
1409 1585 1639 1643 excerpta

113 1658 300 1723 primus
346 1658 618 1722 composuit
663 1664 764 1704 tam
811 1656 1143 1721 negligentem
1190 1657 1406 1720 certique
1453 1655 1639 1704 consilii

111 1741 365 1800 expertem
406 1736 569 1792 fuisse,
611 1738 665 1782 ut
707 1752 832 1799 quae
873 1734 1175 1781 Aristonicus
1210 1740 1262 1781 et
1297 1733 1544 1798 Didymus
1581 1733 1640 1780 de

112 1813 365 1872 Zenodoti,
408 1812 767 1877 Aristophanis,
810 1811 1083 1859 Aristarchi
1130 1811 1432 1874 aliorumque
1479 1828 1640 1857 exem-

110 1891 319 1956 plarium
345 1890 598 1956 scripturis
628 1895 985 1938 annotaverant
1019 1889 1163 1937 modo
1195 1895 1463 1953 apponeret
1496 1888 1640 1936 modo

112 1969 540 2034 praetermitteret,
599 1968 729 2033 quod
783 1967 1062 2032 saepissime
1110 1966 1291 2014 factum
1340 1984 1442 2014 esse
1487 1966 1642 2030 ipsius

111 2046 258 2094 huius
295 2046 469 2095 codicis
509 2046 690 2094 scholia
729 2044 1146 2110 intermarginalia
1183 2051 1233 2091 et
1279 2044 1482 2092 aliorum
1523 2062 1640 2108 quo-

111 2124 316 2172 rundam
340 2124 572 2182 codicum,
599 2123 823 2188 inprimis
848 2122 1025 2171 Veneti
1051 2122 1094 2170 B
1122 2123 1203 2186 (45
1211 2121 1273 2185 3),
1298 2122 1358 2170 de
1382 2139 1478 2186 quo
1511 2122 1640 2169 dixit

113 2201 375 2250 Duentzer.
401 2202 461 2250 de
486 2202 664 2250 Zenod.
692 2219 739 2266 p.
768 2217 812 2262 9,
840 2206 890 2248 et
914 2200 1224 2256 Townleiani,
1249 2199 1427 2248 scholia
1458 2201 1636 2264 partim

112 2297 172 2328 ex
195 2279 367 2328 iisdem
393 2279 610 2328 fontibus
634 2279 793 2344 petita
825 2279 1013 2334 docent,
1039 2278 1168 2325 inter
1191 2295 1316 2342 quae
1351 2295 1450 2326 non
1486 2296 1642 2342 pauca

166 2406 182 2435 f
206 2408 264 2445 De
299 2413 484 2458 quattuor
511 2408 652 2445 horum
685 2408 1024 2457 grammaticorum
1052 2411 1184 2453 aetate,
1218 2407 1371 2456 scriptis
1399 2410 1437 2444 et
1467 2405 1641 2443 fontibus

112 2476 151 2509 et
170 2472 216 2509 de
235 2472 384 2511 ratione
403 2487 479 2523 qua
498 2473 702 2511 scholiasta
728 2473 882 2510 illorum
911 2473 1204 2510 commentarios
1224 2470 1455 2520 excerpserit
1475 2470 1581 2507 docte
1601 2475 1640 2508 et

113 2536 318 2585 diligenter
348 2538 559 2587 disputavit
593 2538 665 2575 Th.
701 2538 914 2576 Beccardus
946 2538 986 2575 in
1020 2537 1286 2575 dissertatione
1324 2537 1371 2573 de
1409 2535 1560 2573 scholiis
1598 2536 1639 2572 in

113 2600 276 2638 Homeri
311 2601 472 2639 Biadem
506 2603 668 2641 Venetis
705 2602 774 2654 (A)
807 2603 978 2640 Berolini
1011 2603 1115 2640 edita
1144 2616 1244 2639 anno
1269 2605 1382 2648 1850.
1439 2600 1517 2637 Hie
1545 2601 1640 2638 satis

113 2665 186 2703 erit
206 2666 396 2703 monuisse
424 2667 567 2704 scholia
595 2669 643 2706 ab
671 2668 921 2718 epitomatore
950 2669 1006 2706 ita
1035 2681 1114 2705 esse
1144 2667 1353 2717 composita
1381 2669 1426 2703 ut
1456 2669 1640 2715 quattuor

112 2730 449 2781 grammaticorum
475 2732 690 2770 notationes
717 2733 860 2782 ubique
888 2733 967 2770 fere
996 2733 1184 2781 distingui
1213 2731 1362 2781 possint
1390 2735 1428 2769 et
1452 2731 1638 2780 Didymo,

112 2795 358 2846 amplissimis
391 2795 587 2834 doctrinae
620 2797 740 2847 copiis
773 2811 855 2845 uso,
885 2798 1068 2836 maiorem
1102 2797 1373 2846 melioremque
1407 2797 1639 2835 scholiorum

112 2864 286 2899 veterum
305 2865 453 2912 partem
473 2862 626 2900 deberi:
658 2863 704 2900 de
725 2876 801 2912 quo
820 2868 922 2901 recte
948 2862 1168 2901 iudicarunt
1194 2862 1378 2900 Lehrsius
1405 2862 1447 2900 in
1475 2863 1563 2900 libri
1594 2863 1640 2900 de

112 2925 342 2964 Aristarcho
363 2927 487 2977 capite
508 2928 682 2974 secundo,
705 2928 974 2977 Bernhardyus
994 2928 1034 2964 in
1055 2927 1159 2965 Hist.
1181 2927 1257 2966 Lit.
1278 2927 1346 2965 Gr.
1363 2927 1434 2965 vol.
1458 2940 1472 2964 1
1493 2941 1527 2977 p.
1553 2930 1638 2975 198,

111 2991 169 3029 ed.
190 2995 278 3030 tert.
301 2997 339 3031 et
358 2993 414 3031 La
433 2993 565 3031 Roche
589 2993 836 3040 (Textkritik)
858 3006 895 3042 p.
919 3005 1116 3042 99—104.
