2000 3276
432 140 739 184 EXCERPTA
785 141 862 181 DE
903 140 1082 182 NOTIS
1126 139 1401 181 CRITICIS.

1590 136 1682 178 xliii

207 247 269 286 Τὰ
293 245 581 297 παρατιθέμενα
605 247 685 286 τοῖς
709 243 937 296 “Ομηρικοῖς
969 244 1121 297 στίχοις
1140 242 1420 298 Ἀριστάρχεια
1449 244 1593 293 σημεῖα
1615 241 1681 281 ἇν-

152 319 316 368 αγκαῖον
336 318 481 367 γνῶναι
501 314 589 356 τοὺς
611 312 938 366 ἐντυγχάνοντας.

584 451 700 499 διπλῆ
723 449 992 499 ἀπερίστικτος
1025 481 1032 488 .

583 520 700 568 διπλῆ
720 517 1020 570 περιεστιγμένη

584 586 732 638 ὀβελὸς

584 657 812 708 ἀστερίσκος
835 653 916 695 καθ’
940 654 1079 696 ἑαυτὸν
1100 686 1107 695 .

586 726 818 776 ἀστερίσκος
837 726 934 775 μετὰ
955 725 1105 775 ὀβελοῦ

586 794 798 845 ἀντίσιγμα

1168 465 1226 617 'MV

1170 723 1299 777 >24-

1190 793 1220 831 D

583 863 794 915 ἀντίσιγμα
818 861 1138 914 περιεστιγμένον
1190 862 1233 901 3)·

586 932 785 984 κεραύνιον
809 964 816 972 .

1182 935 1218 976 Τ

224 1086 257 1116 >
298 1071 321 1123 ἡ
346 1071 420 1122 μὲν
444 1070 509 1111 οὗν
536 1070 806 1122 ἀπερίστικτος
838 1071 956 1120 διπλῆ
985 1068 1240 1120 παρατίθεται
1265 1066 1361 1119 πρὸς
1389 1067 1477 1109 τοὺς
1501 1072 1688 1119 γλωσσο-

156 1137 373 1193 γράφουςῆ
396 1137 630 1190 ἑτεροδόξως
658 1136 932 1189 ἐκδεξαμένους
958 1139 1006 1177 τὰ
1033 1139 1101 1177 τοΰ
1129 1140 1290 1187 ποιητοῦ
1321 1136 1381 1176 καὶ
1406 1136 1458 1188 μὴ
1481 1139 1621 1177 καλῶς·
1663 1134 1687 1185 ἢ

153 1207 249 1260 πρὸς
274 1210 342 1251 τὰς
369 1207 471 1258 ἅπαξ
494 1207 696 1259 εἰρημένας
720 1205 863 1257 λέξεις,
884 1204 908 1257 ἢ
930 1205 1025 1258 πρὸς
1050 1207 1097 1246 τὰ
1118 1206 1276 1247 ἐναντία
1299 1205 1361 1245 καὶ
1381 1205 1601 1257 μαχόμενα,
1626 1205 1688 1244 καὶ

156 1276 269 1328 ἔτερα
290 1275 474 1330 σχήματα
495 1275 712 1327 πάμπολλα
734 1275 796 1316 καὶ
819 1274 1026 1326 ζητήματα.

222 1353 257 1394 >J
297 1345 321 1396 ἡ
352 1347 394 1386 δὲ
421 1344 718 1397 περιεστιγμένη
749 1346 866 1394 διπλῆ
901 1343 997 1395 πρὸς
1027 1345 1094 1386 τὰς
1123 1344 1280 1395 γραφὰς
1312 1343 1381 1384 τὰς
1408 1343 1687 1391 Ζηνοδοτείους

156 1414 217 1455 καὶ
238 1413 437 1466 Κράτητος
459 1413 520 1454 καὶ
546 1413 662 1454 αὐτοῦ
681 1412 945 1466 Ἀριστάρχου
968 1412 1030 1453 καὶ
1050 1414 1118 1454 τὰς
1139 1411 1364 1464 διορθώσεις
1386 1411 1517 1452 αὐτοῦ.

211 1507 270 1514 -
301 1484 321 1523 6
348 1485 389 1524 δὲ
414 1482 559 1533 ὀβελὸς
586 1481 681 1534 πρὸς
706 1483 755 1522 τᾶ
780 1481 1018 1532 ἀθετούμενα
1043 1480 1105 1521 ἐπὶ
1131 1483 1199 1520 τοῦ
1224 1483 1400 1529 ποιητοῦ,
1428 1479 1549 1533 ἤγουν
1577 1496 1686 1521 νενο-

156 1551 323 1603 θευμένα
343 1550 366 1601 ἢ
387 1549 706 1602 ὑποβεβλημένα.

213 1620 268 1674 >“<
301 1621 321 1660 6
346 1621 388 1660 δὲ
415 1618 645 1671 ἀστερίσκος
666 1617 748 1659 καθ’
776 1618 914 1659 ἑαυτὸν
945 1618 995 1660 ὡς
1021 1620 1149 1659 καλῶς
1176 1616 1388 1669 εἰρημένων
1412 1620 1488 1658 τῶν
1514 1619 1619 1659 ἐπῶν
1646 1618 1688 1658 ἐν

157 1688 258 1744 αὐτῷ
279 1689 331 1744 τῷ
355 1689 461 1743 τόπῳ
483 1688 578 1729 ἔνθα
599 1687 708 1728 ἐστὶν
729 1687 959 1739 ἀστερίσκος
978 1686 1108 1737 μόνος.

213 1758 268 1812 ><
284 1780 342 1788 —-
372 1758 392 1797 6
420 1758 462 1797 δὲ
488 1757 718 1809 ἀστερίσκος
748 1755 845 1807 μετὰ
867 1756 1015 1807 ὀβελοῦ
1044 1755 1094 1796 ὡς
1115 1755 1211 1795 ὄντα
1231 1755 1305 1804 μὲν
1326 1756 1373 1794 τὰ
1393 1754 1464 1805 ἔπη
1486 1758 1554 1795 τοῦ
1575 1771 1686 1806 ποιη-

156 1828 235 1875 τοῦ,
256 1825 308 1877 μὴ
330 1829 459 1868 καλῶς
479 1826 522 1866 δὲ
543 1826 704 1876 κείμενα
724 1825 767 1865 ἐν
788 1824 889 1879 αὐτῷ
911 1823 962 1878 τῷ
984 1824 1105 1878 τόπῳ,
1128 1821 1216 1863 ἀλλ’
1241 1824 1282 1863 ἐν
1303 1822 1428 1877 ἄλλῳ.

226 1895 257 1934 D
291 1894 335 1934 τὸ
357 1896 398 1935 δὲ
424 1894 636 1946 ἀντίσιγμα
657 1891 740 1934 καθ’
764 1892 878 1934 ἑαυτὸ
899 1891 993 1945 πρὸς
1014 1891 1103 1934 τοὺς
1126 1891 1442 1944 ἐνηλλαγμένους
1463 1893 1604 1934 τόπους
1627 1892 1688 1933 καὶ

157 1961 392 2017 ἀπᾴδοντας.

223 2032 269 2072 3·
292 2031 337 2072 τὸ
368 2031 410 2073 δὲ
442 2032 653 2084 ἀντίσιγμα
684 2029 1009 2083 περιεστιγμένον
1039 2029 1307 2081 παρατίθεται,
1339 2029 1433 2070 ὅταν
1461 2029 1682 2086 ταυτολογῇ

158 2099 221 2141 καὶ
242 2100 313 2151 τὴν
334 2101 454 2151 αὐτὴν
475 2101 649 2141 διάνοιαν
671 2100 850 2151 δεύτερον
870 2099 982 2152 λέγῃ.

218 2174 254 2216 Τ
285 2168 331 2209 τὸ
358 2170 399 2209 δὲ
424 2169 626 2221 κεραύνιον
647 2168 732 2210 ἔστι
756 2168 829 2220 μὲν
855 2171 932 2208 τῶν
960 2168 1135 2210 σπανίως
1159 2166 1486 2220 παρατιθεμένων,
1509 2170 1625 2219 δηλοῖ
1646 2169 1688 2209 δὲ

159 2238 222 2278 καὶ
244 2237 337 2278 αὐτὸ
357 2239 511 2280 πολλὰς
531 2236 708 2289 ζητήσεις
729 2236 827 2290 πρὸς
847 2240 931 2279 ταῖς
950 2237 1258 2289 προειρημέναις.

216 2306 362 2348 τούτων
394 2305 427 2346 δ’
459 2305 642 2347 ἁπάντων
672 2309 748 2347 τῶν
775 2306 944 2357 σημείων
977 2305 1238 2358 ἀκριβεστέρα
1268 2308 1411 2357 γνῶσις
1443 2306 1485 2346 ἐν
1512 2308 1592 2348 τοῖς
1623 2309 1688 2356 βι-

220 2499 252 2525 1.
280 2487 523 2536 Ἀριστάρχεια
542 2501 614 2526 om.
631 2487 671 2526 V
687 2487 729 2524 B.

220 2553 254 2578 2.
282 2538 559 2593 ἐντυγχάνοντας]
598 2544 666 2578 εἶσὶ
710 2543 746 2578 δὲ
792 2546 896 2578 ταῦτα

161 2594 310 2632 addunt
328 2594 364 2630 V
383 2595 429 2631 B.

219 2658 254 2696 5,
277 2649 312 2686 6.
342 2647 499 2686 Inverso
520 2648 652 2685 ordine
671 2648 711 2687 V
727 2649 758 2686 B
774 2650 898 2693 ὀβελὸς

161 2705 247 2750 μετὰ
276 2703 482 2750 ἆστερίσκου
509 2723 564 2729 —
585 2709 617 2742 Χ
651 2700 656 2754 Ι
692 2703 899 2751 ἀστερίσκος

164 2757 235 2793 καθ’
258 2759 374 2793 ἑαυτὸν
391 2763 436 2796 ※.

220 2812 256 2848 8.
287 2807 493 2862 ἀντίσιγμα]
542 2811 701 2847 ἄστικτον
746 2809 897 2847 addunt

163 2862 201 2902 V
219 2864 265 2902 B.

224 2931 284 2956 10.
313 2918 486 2966 κεραύνιον
505 2931 578 2955 om.
601 2917 636 2954 V
656 2917 698 2955 B.

225 2984 240 3009 1
253 2985 284 3010 Ι.
305 2972 538 3020 ἆπερίστικτος
558 2974 659 3017 διπλῆ
674 2971 711 3009 V
732 2971 775 3009 Β.
796 2972 898 3016 διπλῆ

949 2489 1186 2536 ἀπερίστικτος
1207 2488 1288 2525 eod.
1310 2487 1516 2524 Romanus.

1010 2555 1069 2579 12.
1112 2543 1316 2589 ἑτεροδόξως
1362 2555 1430 2591 pro
1473 2541 1689 2588 ἑτεροδόξους

951 2595 1163 2633 Nauekius.

1012 2651 1072 2687 16.
1101 2652 1156 2685 καὶ
1187 2644 1545 2699 Κράτητος-αὐτοῦ]
1580 2647 1688 2686 Haeo

952 2707 1055 2740 recte
1082 2703 1269 2740 omittunt
1288 2702 1328 2741 V
1347 2702 1394 2747 B,
1414 2702 1460 2739 de
1481 2714 1555 2751 quo
1585 2701 1687 2740 dixit

953 2757 995 2795 C.
1034 2756 1345 2794 Wachsmuthius
1383 2756 1424 2793 in
1457 2761 1688 2795 commenta-

952 2810 1057 2848 tione
1077 2810 1122 2847 de
1143 2811 1298 2849 cratete
1318 2809 1480 2848 Mallota
1499 2823 1536 2860 p.
1557 2823 1618 2848 20.

1011 2876 1069 2901 22.
1101 2868 1210 2902 καλῶς
1229 2877 1300 2913 pro
1319 2870 1425 2902 κακῶς
1443 2864 1633 2904 Osannus.

1011 2931 1071 2966 29.
1112 2914 1355 2970 ἀκριβεστέρα]
1402 2920 1570 2968 ἀκριβεστ
1600 2950 1607 2957 .
1639 2949 1645 2956 .
1678 2948 1686 2956 .

954 2971 1082 3009 codex.

1711 943 1758 968 10

1710 1705 1758 1730 20
