2000 3276
579 137 888 180 EXCERPTA
929 137 1008 178 EX
1049 136 1299 179 PROCLO.

1646 138 1703 179 xli

172 236 299 294 ρεῒται
332 234 422 278 κατ’
446 232 615 294 ἄγνοιαν.
661 232 884 294 Τηλέγονος
916 231 947 278 δ’
973 231 1150 293 ἐπιγνοὺς
1174 233 1243 289 τὴν
1273 231 1473 293 ἁμαρτίαν
1497 231 1548 278 'ro'
1567 253 1609 277 τε
1636 238 1704 278 τοῦ

175 307 325 370 πατρὶς
350 316 468 371 σῶμα
492 307 561 357 καὶ
584 307 648 356 τόν
671 310 918 371 Τηλέμαχον
947 308 1013 356 και
1046 311 1115 366 την
1147 307 1384 367 Πηνελόπην
1415 308 1508 373 πρὸς
1532 310 1600 367 την
1625 332 1702 370 μη-

175 386 270 448 τέρα
294 387 541 448 μεθίστησιν.
589 391 613 446 ἡ
638 388 678 434 δὲ
703 387 844 438 αὐτοὺς
875 389 1090 439 ἀθανάτους
1122 394 1239 445 ποιεῖ,
1269 385 1338 434 καὶ
1369 394 1542 434 συνοικεῖ
1561 393 1610 452 τῇ
1633 389 1705 449 μὲν

177 464 393 529 Πηνελόπῃ
415 466 651 527 Τηλέγονος,
679 466 807 529 Κίρκῃ
830 465 869 510 δὲ
893 465 1156 527 Τηλέμαχος.

243 700 527 766 Ἀρίσταρχος,
552 702 783 759 Ζηνόδοτος,
815 708 1028 757 Στασῖνος,
1054 701 1303 763 Θεόπομπος,
1335 703 1545 764 Πολέμων,
1568 706 1705 751 Ἀπολ-
1726 730 1747 768 5

176 779 357 843 λόδωρος,
381 779 630 843 εΗρωδιανός,
660 782 855 840 Νικάνωρ,
885 780 1129 842 Πορφῦριος,
1154 779 1433 836 Ἀπολλώνιος,
1464 782 1706 841 Σωσιγένης,

176 860 487 919 Ἀριστοφάνης,
531 856 696 913 Δίκτυς,
742 857 975 920 Εὐριπίδης,
1020 861 1283 918 Πτολεμαῖος
1324 860 1342 904 o‘
1382 864 1450 904 τοῦ
1486 858 1704 921 Ὀροάνὸον,

175 935 401 998 Τυραννίων,
428 934 590 990 Ζωΐλος,
617 936 866 997 Χρύσιππος,
883 935 1085 990 (Ησίοδος,
1111 935 1323 992 Σέλευκος,
1343 936 1530 996 Ἀλκμὰν
1556 939 1573 983 ὅ
1600 947 1708 998 λυρι-

176 1011 257 1068 κός,
295 1011 517 1069 Φιλόξενος,
556 1013 849 1075 Καλλίμαχος,
892 1012 1100 1076 Πίνδαρος,
1137 1012 1422 1075 Ἀριστόνικος,
1462 1016 1705 1076 Πάμφιλος,

176 1090 396 1152 Θεαγένης,
438 1091 636 1152 Δίδυμος,
682 1096 910 1151 Σοφοκλῆς,
954 1090 1287 1154 Καλλίστρατος,
1335 1091 1529 1148 Σιδώνιος,
1570 1090 1705 1149 Ἰξίων,
1731 1111 1778 1136 10

177 1166 455 1231 Θεόφραστος,
469 1164 609 1233 ῗΩρος,
632 1167 792 1222 Ῥιανός.

234 1339 267 1375 3.
307 1324 523 1380 μεθίστησιν]
566 1329 766 1374 καθίστησιν
804 1327 911 1377 Hey-

177 1394 275 1419 nius.

230 1440 271 1480 τῇ
307 1437 368 1482 μὲν
393 1439 573 1482 Πηνελόπῃ
601 1437 799 1483 Τηλέγονος,
831 1436 912 1485 Κίρ-

179 1505 218 1535 κῃ
246 1489 492 1527 Thierschius
530 1492 569 1527 et
606 1489 822 1542 Bekkerus]
855 1493 914 1536 τὴν

177 1545 240 1587 μὲν
276 1546 466 1589 πηνελόπην
498 1545 688 1591 τηλέγονος,
719 1547 833 1592 κίρκην
862 1544 909 1590 A,

179 1609 254 1646 quo
291 1601 439 1634 servato
472 1596 649 1646 Heynius
688 1601 836 1635 συνοικεῖ
871 1598 911 1634 iu

179 1654 358 1688 συνοικειοῖ
377 1654 605 1688 mutaverat.

233 1705 281 1741 In
319 1705 440 1742 altera
477 1705 604 1754 quarti
652 1705 734 1743 folii
771 1706 912 1755 pagina

178 1758 391 1808 marginem
405 1763 443 1796 et
455 1759 579 1808 spatia
591 1771 709 1796 vacua
724 1764 912 1809 occupant

178 1812 358 1862 picturae,
379 1813 506 1850 leones
526 1826 662 1862 nempe
682 1816 720 1850 et
740 1819 913 1851 monstra

177 1867 280 1904 alata
314 1879 357 1904 ac
389 1866 514 1916 longis
544 1867 675 1905 caudis
703 1867 912 1914 horrentia,

179 1934 276 1970 quae
294 1920 468 1958 homines
487 1921 684 1968 devorant,
702 1922 819 1959 simul
839 1922 913 1959 duo

178 1974 283 2012 corvi
298 1979 337 2012 et
356 1988 518 2025 magnus
532 1975 644 2013 heros
660 1975 761 2013 inter
775 1989 914 2026 parvos

178 2028 420 2075 constitutus,
459 2029 650 2078 adscripto
696 2030 849 2067 nomine
895 2033 913 2065 ὁ

176 2082 361 2130 Ἀχιλλεύς,
382 2083 524 2121 litteris
552 2083 731 2121 maximis
760 2088 799 2122 et
826 2083 914 2121 alba

178 2136 302 2186 pictis,
333 2141 378 2174 ut
408 2137 560 2175 rettulit
596 2137 841 2175 Thiersehius
872 2138 912 2174 in

178 2190 289 2228 Actis
304 2190 452 2229 Monac.
465 2191 538 2229 vol.
560 2204 578 2229 2
597 2205 633 2241 p.
652 2194 741 2239 586.
782 2192 913 2229 Minus

178 2243 368 2282 terribiles
391 2245 473 2282 folii
493 2245 591 2283 sexti
619 2246 792 2295 picturae
811 2250 910 2292 sunt,

178 2297 246 2335 ubi
265 2299 552 2349 conspiciuntur
570 2299 743 2338 homines
763 2300 911 2347 armati,

969 1340 1095 1377 eques,
1125 1339 1193 1364 rex
1222 1327 1262 1364 in
1288 1327 1380 1365 solio
1411 1327 1555 1375 sedens,
1586 1342 1705 1366 sacer-

969 1382 1046 1428 dos,
1072 1384 1117 1417 ut
1144 1381 1311 1428 videtur,
1332 1382 1517 1420 infantem
1542 1382 1583 1419 in
1611 1386 1705 1420 tem-

968 1436 1032 1485 plo
1048 1435 1301 1473 constitutum
1310 1436 1526 1474 suffimento
1539 1437 1704 1474 adolens.

1026 1500 1060 1536 5.
1091 1489 1261 1527 Nomina
1290 1491 1381 1528 haec
1408 1491 1637 1540 scriptorum
1666 1490 1707 1527 in

967 1543 1119 1580 scholiis
1189 1550 1489 1582 memoratorum
1554 1544 1708 1582 rubrica

967 1597 1110 1646 scripta
1139 1597 1320 1647 leguntur
1344 1598 1384 1635 in
1409 1598 1492 1635 folii
1521 1598 1614 1635 noni
1639 1612 1706 1648 pa-

968 1651 1058 1701 gina
1077 1665 1220 1690 aversa.

1025 1704 1205 1757 Στασῖνος]
1226 1710 1362 1744 τασῖνος
1382 1705 1426 1743 A.

1024 1761 1058 1796 6.
1087 1761 1311 1807 ‘prffltavbfl
1345 1761 1538 1807 ἡρωιδιανὸς
1572 1760 1633 1797 hic
1667 1765 1706 1798 et

968 1826 1078 1862 saepe
1098 1813 1139 1850 in
1164 1813 1317 1851 scholiis
1337 1815 1384 1853 A.

1025 1876 1059 1916 7.
1090 1871 1304 1914 Πτολεμαῖος
1346 1872 1364 1904 ὁ
1406 1872 1466 1904 τοῦ
1505 1866 1704 1921 Ὀροάνδου]

969 1921 1018 1958 In
1051 1926 1162 1960 textu
1195 1920 1237 1959 A
1271 1921 1369 1959 nihil
1403 1927 1557 1972 praeter
1584 1926 1706 1960 πτολε-

968 1990 1076 2033 μαῖος,
1106 1987 1146 2023 in
1176 1987 1349 2037 margine
1368 2000 1460 2024 vero
1481 1989 1520 2024 οἶ-
1541 1973 1651 2036 οροαῖῗ.

1025 2043 1061 2078 8.
1091 2044 1109 2077 ὁ
1137 2044 1274 2089 λυρικὸς
1302 2055 1380 2079 non
1409 2042 1450 2078 in
1478 2045 1601 2089 textu,
1642 2042 1707 2080 sed

968 2094 1009 2132 in
1029 2095 1202 2144 margine
1222 2095 1268 2133 A.

1028 2162 1085 2187 10.
1118 2150 1394 2197 Καλλίστρατος]
1414 2152 1638 2199 καλίστρατος·
1653 2150 1705 2188 A.

1021 2200 1147 2255 Ἰξίων]
1171 2205 1262 2248 ἶξίων

1030 2269 1086 2295 11.
1113 2256 1219 2305 ’Ὧρος
1248 2256 1467 2311 Bekkerus]
1502 2262 1582 2307 ᾶρος
1617 2258 1703 2306 (sic)
