2000 3276
412 487 890 565 ΣΧΟΛΙΑ
986 484 1475 555 ΠΑΛΑΙΑ

298 681 447 733 ΕΙΣ
512 678 709 732 ΤΗΝ
777 675 1172 730 OMHPOT
1239 673 1591 727 ΙΛΙΑΔΑ.

773 991 862 1029 ΕΙΣ
902 990 1021 1028 ΤΗΝ
1064 992 1111 1028 Α

249 1078 586 1164 LMHNIN
622 1112 747 1177 αειῧε]
779 1118 940 1172 ζητοῦσι
975 1111 1040 1158 δια
1071 1133 1111 1157 τι
1147 1109 1223 1156 ἀπο
1257 1116 1328 1168 τῆς
1359 1110 1519 1170 μήνιδος
1550 1109 1708 1173 ἤρξατο,

178 1192 298 1247 οῧτως
332 1194 545 1256 ὃνσφῆμου
575 1192 778 1254 ὅνοματος.
826 1191 891 1237 ῧια
926 1190 989 1236 δύο
1025 1195 1170 1244 ταῦτα,
1197 1194 1343 1250 πρῶτον
1378 1189 1462 1249 μὲν,
1497 1184 1540 1234 ἵν’
1569 1188 1613 1234 ἔκ
1641 1194 1708 1234 τοῦ
1729 1203 1750 1240 5

179 1274 324 1325 πάθους
353 1272 656 1336 ἀποκαθαρευσῃ
689 1291 734 1316 το
770 1290 920 1316 τοιουτο
954 1266 1085 1332 μόριον
1117 1273 1189 1324 τῆς
1220 1272 1370 1328 ψυχῆς,
1403 1288 1469 1312 και
1499 1287 1708 1329 προσεκτι-

178 1351 368 1414 κωτέρους
408 1349 498 1402 τοὺς
538 1348 738 1412 ἀκροατὰς
775 1344 840 1393 ε’πῖ
879 1351 948 1393 τοῦ
987 1345 1178 1406 μεγέθους
1216 1346 1378 1408 ποιήσῃ,
1415 1342 1482 1390 καὶ
1524 1343 1710 1409 προεθῖσῃ

177 1428 312 1491 φέρειν
349 1426 533 1490 γενναίως
578 1428 688 1487 ἡμᾶς
727 1425 781 1471 τὰ
820 1426 941 1482 πάθη,
975 1424 1134 1484 μέλλων
1173 1421 1374 1483 πολέμους
1413 1421 1705 1483 ἀπαγγέλλειν·

178 1505 349 1569 δεύτερον
374 1505 429 1561 δὲ,
455 1502 516 1552 ἵνα
539 1504 592 1551 τὰ
616 1502 797 1566 ἐγκώμια
830 1509 902 1550 τῶν
924 1502 1127 1558 Ἑλλήνων
1149 1498 1390 1562 πιθανώτερα
1412 1500 1576 1563 ποιήσῃ.
1625 1497 1710 1546 ἐπεὶ

179 1583 219 1629 δὲ
258 1582 405 1644 ἔμελλε
440 1589 624 1634 νικῶντας
660 1580 893 1640 ἀποφαίνειν
929 1579 1020 1631 τοὺς
1045 1577 1275 1635 Ἐλληνας,
1312 1576 1470 1629 εἰκότως
1506 1576 1547 1622 οὗ
1583 1597 1711 1622 κατα·
1734 1594 1779 1619 10

178 1661 328 1723 τρέχει,
370 1657 687 1722 ἀξιοπιστότερον
728 1658 772 1704 ἐκ
809 1663 877 1704 τοῦ
922 1657 981 1718 μὴ
1015 1657 1145 1702 πάντα
1191 1654 1426 1718 χαρίζεσθαι
1468 1659 1523 1718 τῷ
1563 1653 1711 1700 ἐκείνων

179 1738 332 1802 ἐπαίνῳ.

249 1815 269 1834 ,Ι
459 1816 472 1832 X
540 1815 549 1830 3
587 1813 599 1829 Χ
681 1814 693 1830 Ι
839 1812 848 1828 ἳ
911 1812 922 1827 Ι
1045 1809 1063 1826 ‘l
1199 1817 1216 1827 ω
1458 1817 1475 1826 u
1534 1809 1545 1823 f
1592 1808 1603 1826 Ι

246 1817 390 1878 ηρξατο
422 1836 494 1877 μεν
525 1835 602 1860 ano
634 1813 806 1875 μηνιὸος,
830 1832 989 1876 επειπερ
1014 1833 1115 1869 αντη
1149 1832 1232 1863 τοις
1260 1831 1491 1873 πρακτικοις
1528 1815 1710 1861 υποθεσις

180 1894 351 1956 γέγονεν.
398 1893 531 1944 ἄλλως
567 1913 610 1938 τε
643 1890 710 1937 καὶ
741 1888 980 1954 τραγῳδίαις
1008 1886 1194 1952 τραγικὸν
1226 1887 1353 1949 ε’ξεῧρε
1384 1887 1594 1951 προοίμιον·
1643 1886 1710 1933 καὶ

179 1972 257 2034 γὰρ
295 1970 577 2035 προσεκτικοὺς
615 1971 721 2030 ἡμᾶς
763 1971 786 2027 ἡ
827 1975 899 2015 τῶν
937 1969 1208 2030 ἀτυχημάτων
1249 1967 1436 2029 διήγησις
1483 1965 1708 2028 ἐργάζεται,
1734 1983 1778 2020 15

234 2082 386 2121 Scholia
404 2082 446 2118 in
464 2086 576 2119 textu
605 2080 784 2118 asterisco
814 2083 947 2118 notata
973 2084 1064 2117 sunt
1083 2077 1421 2128 intermarginalia‚
1443 2078 1489 2115 de
1509 2077 1650 2128 quibus
1669 2077 1710 2114 in
1726 2120 1732 2123 -

179 2136 419 2175 Praefatione
443 2149 480 2185 p.
501 2135 556 2173 vii
575 2135 723 2172 dictum
743 2138 810 2173 est.
869 2134 1090 2184 Scripturae
1115 2133 1157 2170 in
1176 2132 1491 2171 annotationibus
1519 2131 1710 2169 asteriscis

181 2196 336 2229 notatae
366 2203 413 2228 ex
442 2189 527 2227 aliis
556 2188 784 2227 scholiorum
817 2188 1012 2226 codicibus
1042 2192 1133 2225 sunt
1157 2187 1312 2236 petitae,
1334 2200 1383 2224 ex
1402 2186 1540 2236 quibus
1569 2185 1709 2223 codicis

179 2245 318 2283 Veneti
340 2255 430 2292 454,
451 2257 566 2294 quem
585 2243 716 2281 littera
734 2243 770 2280 A
790 2242 1046 2292 designamus,
1066 2241 1209 2279 scholia
1230 2241 1289 2278 vel
1316 2240 1453 2290 coriigi
1473 2240 1533 2277 vel
1563 2239 1710 2277 defecta

181 2299 336 2337 restitui
365 2302 552 2348 possunt:
582 2298 629 2335 de
665 2310 741 2347 quo
773 2296 813 2334 in
847 2295 1174 2333 Annotationibus
1202 2271 1438 2333 volumini?
1441 2294 1571 2331 ultimi
1599 2294 1710 2342 plura

180 2353 368 2391 dicentur.
398 2352 598 2391 Vitiorum
614 2350 1000 2401 orthographicorum
1014 2349 1268 2387 correctiones
1280 2349 1342 2386 vel
1356 2362 1403 2386 ex
1415 2348 1500 2386 aliis
1515 2347 1708 2385 codicibus

181 2412 326 2445 sumtas
345 2406 408 2444 vel
436 2406 484 2444 ab
512 2405 725 2444 editoribus
747 2405 866 2442 factas
885 2417 963 2442 non
982 2404 1058 2441 fuit
1078 2416 1214 2453 operae
1242 2403 1412 2464 pretium
1439 2402 1487 2439 ad
1516 2415 1604 2440 suos
1632 2401 1708 2438 sin-

182 2461 292 2510 gulas
338 2473 514 2498 revocare
560 2464 746 2505 auctores,
786 2472 906 2508 quum
949 2458 1043 2496 talia
1079 2471 1101 2494 a
1139 2458 1275 2507 quovis
1313 2456 1506 2494 emendari
1549 2455 1705 2505 possint,

181 2513 352 2563 exceptis
370 2513 610 2564 gravioribus
629 2512 836 2558 nonnullis,
859 2525 1021 2562 quarum
1039 2515 1215 2549 auctores
1235 2511 1498 2548 indicavimus.

239 2643 275 2676 4.
332 2628 502 2667 Rubrica
541 2629 583 2666 in
624 2629 660 2666 A
698 2617 736 2676 ε”β
774 2608 805 2675 Z,
839 2628 866 2666 i.
884 2641 916 2665 e.
973 2626 1056 2664 vior
1076 2626 1271 2663 Zenodoto
1293 2625 1481 2663 tribuitur
1501 2624 1540 2660 in
1560 2622 1709 2661 Veneto

184 2686 349 2732 ἐρώτησις
376 2684 563 2731 ἀπόκρισις.
974 2680 1028 2718 Β.
1021 2693 1028 2701 ·
1058 2680 1104 2718 de
1125 2693 1199 2729 quo
1219 2693 1253 2716 V.
1276 2679 1482 2715 Duentzer.
1503 2691 1542 2726 p.
1564 2687 1625 2725 27.

239 2736 392 2776 Scholia
411 2736 460 2774 ab
473 2738 609 2781 ζητοῦσι
623 2736 683 2774 vel
700 2738 843 2781 ζητεῖται
857 2735 917 2773 vel
1030 2736 1063 2771 6.
1100 2733 1118 2753 *
1132 2733 1389 2779 ἀποκαθαρεύσῃ
1430 2731 1511 2779 (alii
1550 2730 1568 2750 *
1585 2732 1708 2768 ἀποκα-

183 2790 348 2841 simplici
371 2792 426 2827 διὰ
444 2790 479 2826 τί
495 2788 718 2839 incipientia
737 2789 918 2838 pleraque
974 2785 1173 2838 θαριεύσῃ)]
1195 2787 1474 2834 ἀποκαταρρεύσῃ

184 2845 314 2883 omnia
341 2843 545 2894 Porphyrii
573 2848 671 2888 sunt,
702 2855 823 2892 pauca
851 2837 1314 2891 311-7.*προεθίσῃ]
1335 2840 1519 2886 προσεθίζῃ

186 2912 308 2944 orum,
339 2898 385 2936 de
423 2911 499 2948 quo
538 2897 619 2934 dixi
656 2896 696 2934 in
725 2894 848 2934 P1aef.
878 2909 914 2945 p.
1029 2908 1063 2943 9.
1097 2895 1117 2917 *
1136 2893 1292 2941 δεύτερον
1311 2890 1365 2946 δὲ]
1386 2895 1422 2929 δὲ
1442 2906 1516 2930 orn.

186 2952 268 2999 xiii,
288 2952 365 2991 xiv.
422 2951 572 2989 Primae
601 2949 836 3000 quaestionis
865 2951 919 2985 διὰ
1035 2961 1092 2985 11.
1122 2945 1428 2999 ἀξιοπιστότερον]
1478 2946 1496 2967 *
1512 2949 1709 2993 ἀξιόπιστος

186 3008 220 3042 τί
233 3007 300 3043 ἀπὸ
314 3009 372 3052 τῆς
386 3007 521 3053 μήνιδος
540 3007 664 3052 ἤρξατο
679 3003 817 3042 solutio
834 3003 918 3040 bre·
975 3001 1160 3052 (praestat
1180 3002 1470 3049 ἀξιοπιστότερος)
1494 3003 1545 3038 ὧν.

916 3090 986 3118 Β2
