1958 3266
255 136 351 177 xviii
850 122 1190 167 Ι’1Μ1«·,Ι·“Λ’1·1().

253 238 311 286 :ul
354 237 619 299 ⁸novilunii-:w
657 230 985 278 ‹lix-«asininam
1025 231 1262 290 spectant,
1305 225 1364 273 de
1405 242 1502 288 quo
1539 224 1669 274 (lixit
1708 226 1777 274 Ῑιιι

261 315 413 362 lim-h«-
444 332 484 377 μ-
514 326 587 367 (ὶῖ-

322 394 470 445 sifflm
528 387 702 437 vritiva.
753 403 877 447 qum·
929 381 1235 430 Aristarchus
1295 380 1452 429 textui
1510 380 1780 431 editionum

255 447 447 517 sumina
476 466 778 529 appinxvrat.
808 459 936 508 haud
964 459 1109 507 dubie
1137 459 1183 506 in
1209 461 1508 513 ὑπομνήμασιν
1534 458 1781 523 repetivit,

255 566 403 611 qinnn
441 545 577 604 signa
612 539 817 602 singulis
845 537 1062 585 versibus
1090 536 1332 600 adscripta
1356 535 1623 602 explicaret
1645 535 1781 586 scho-

258 627 331 673 liis
381 631 547 687 postca
594 620 653 668 ah
699 618 905 681 Didymo
954 624 1004 662 vt
1054 613 1328 663 Aristonico
1382 615 1637 679 excerptis.
1723 614 1783 663 In

255 701 412 749 codice
446 700 628 748 Veneto
669 697 704 743 Α
747 694 887 756 signa
927 693 1043 741 haec
1082 691 1243 740 textui
1286 691 1544 758 adscripta,
1581 693 1673 741 etsi
1712 693 1785 741 in-

259 779 445 827 tenhnn
484 775 760 824 exciderunt
794 771 870 818 vol
913 771 1041 818 inter
1065 788 1116 818 se
1150 776 1432 834 permutata
1470 777 1601 828 sunt,
1627 770 1786 818 cuius-

259 857 381 904 modi
415 872 596 902 vri-orvs
630 849 850 898 librarius
888 849 990 913 ipse
1028 847 1274 896 interdum
1312 847 1524 896 radendo
1559 848 1785 906 correxit,

261 946 418 981 tanwn
446 933 490 979 in
518 932 795 978 nnivcrsnin
827 927 943 974 satis
969 926 1111 990 plene
1141 933 1336 974 servata
1361 932 1491 982 sunt,
1519 932 1576 975 ut
1599 945 1661 975 ex
1688 926 1788 976 Vil-

261 1011 423 1058 lois-oni
465 1009 674 1056 editione
710 1014 759 1054 et
799 1005 1093 1053 accuratiore
1137 1004 1387 1069 signorum
1425 1003 1582 1053 indice
1618 1004 1786 1054 videre

262 1089 386 1138 licet,
423 1105 563 1151 quein
592 1085 657 1132 La
687 1083 845 1132 Roche
883 1082 929 1130 in
969 1082 1375 1131 commentatione
1411 1101 1450 1130 a.
1488 1086 1626 1132 1862.
1652 1082 1786 1131 edita

262 1186 307 1230 p.
339 1182 512 1224 31—70.
539 1172 584 1211 ot
615 1159 1092 1210 C.xVaclism11tliii1s
1129 1160 1178 1208 in
1204 1160 1376 1208 Museo
1402 1159 1636 1209 Rhenano
1660 1178 1787 1210 novo

262 1244 352 1291 vol.
389 1248 440 1289 ιδ
469 1261 512 1305 p.
543 1243 761 1299 178-188
789 1246 839 1287 et
864 1239 995 1304 qnod
1019 1238 1081 1286 ad
1107 1238 1387 1287 Zenodotea
1413 1237 1596 1287 attinet
1622 1238 1788 1288 Duen-

261 1329 424 1368 tzerns
473 1337 514 1384 p.
557 1336 594 1377 7.
644 1323 1035 1382 composuerunt.
1130 1314 1255 1363 Nam
1304 1315 1607 1364 Villoisonus
1664 1316 1789 1366 falsa

260 1397 413 1445 inulta
439 1396 703 1444 tradiderat
729 1413 816 1444 nec
841 1395 1145 1443 diversarum
1180 1411 1415 1442 manuum
1450 1394 1588 1459 signa
1613 1394 1788 1443 distin-

261 1483 410 1525 xerat.
431 1483 484 1522 nt
512 1472 751 1539 exemplis
776 1472 993 1521 ostendit
1018 1471 1337 1537 Pluygersius
1359 1490 1406 1536 p.
1427 1489 1470 1531 7.
1507 1489 1788 1538 quanquam
1844 1491 1847 1495 ·

258 1552 522 1600 cavendnm
558 1559 630 1599 est
662 1569 722 1599 ne
756 1549 963 1599 diversis
1000 1549 1224 1598 manibus
1248 1549 1533 1598 tribuantur
1566 1568 1692 1615 quae
1727 1551 1789 1600 ab

260 1631 423 1677 eadem
473 1647 621 1677 manu
667 1629 859 1677 diverso
908 1634 1183 1676 atramento
1232 1628 1414 1693 scripta
1454 1635 1574 1676 sunt
1618 1628 1789 1679 aliisve

260 1707 448 1755 casibus
472 1708 675 1756 colorem
700 1712 956 1754 mutarunt
978 1725 985 1754 :
1024 1706 1085 1753 de
1110 1723 1206 1770 quo
1233 1704 1360 1753 dixit
1385 1705 1790 1756 Wachsmuthius

266 1803 307 1848 p.
338 1802 352 1831 1
367 1802 437 1843 79.
510 1784 617 1831 Non
641 1783 834 1832 inutilis
867 1790 1036 1832 autem
1062 1790 1138 1832 est
1162 1789 1388 1831 accurata
1411 1783 1660 1848 signorum
1684 1791 1791 1833 tex-

263 1861 335 1908 tui
380 1861 729 1926 adscriptorum
770 1862 999 1925 cognitio,
1040 1879 1194 1926 quum
1237 1879 1296 1909 ex
1338 1861 1398 1909 iis
1439 1879 1582 1926 saepe
1619 1862 1789 1911 coniici

265 1939 415 2002 possit
441 1939 557 2003 qnid
583 1939 632 1986 in
663 1939 856 1987 scholiis
893 1940 944 1986 in
979 1939 1142 1988 codice
1179 1939 1372 1988 omissis
1406 1939 1592 1987 dictum
1626 1939 1790 1999 fuerit,

264 2015 400 2063 velut
437 2017 483 2062 in
521 2016 623 2080 ipso
659 2017 757 2065 fere
794 2017 1080 2082 rhapsodiae
1107 2017 1293 2082 primae
1316 2016 1457 2065 initio
1481 2035 1527 2066 v.
1555 2032 1597 2078 5,
1621 2017 1707 2066 ubi
1741 2018 1792 2066 in

267 2099 409 2140 textu
445 2094 616 2141 codicis
646 2095 777 2149 διπλῆ
807 2097 1146 2159 περιεστιγμένη
1172 2094 1334 2143 verbis
1370 2095 1560 2142 οἷωνοῖσί
1592 2093 1645 2142 τέ
1679 2099 1792 2144 πᾶσι

267 2179 339 2217 est
376 2172 683 2236 praescripta,
713 2172 774 2220 de
807 2190 905 2237 qua
940 2172 1061 2220 nihil
1094 2172 1282 2220 dictum
1312 2178 1386 2221 est
1416 2172 1466 2220 in
1501 2172 1706 2232 scholiis,
1733 2191 1794 2222 ex

266 2247 520 2296 Athenaeo
554 2268 667 2297 vero
700 2267 716 2297 1
748 2268 791 2314 p.
817 2267 870 2297 12
900 2251 933 2297 f.
970 2250 1197 2298 novimus
1233 2252 1275 2296 ἐν
1308 2254 1364 2312 τῇ
1400 2249 1513 2297 κατὰ
1547 2250 1794 2305 Ζηνόδοτον

266 2325 427 2372 ἐκδόσει
468 2327 595 2374 δαῖτα
637 2346 723 2392 pro
761 2331 872 2374 πᾶσι
916 2329 1153 2392 scriptun]
1193 2327 1355 2383 fuisse,
1394 2344 1456 2375 eX
1491 2344 1588 2392 quo
1628 2327 1793 2394 colllgi

268 2410 427 2465 potest
473 2404 683 2453 scholion
729 2406 964 2454 excidisse
1012 2407 1082 2453 ὅτι
1130 2405 1372 2459 Ζηνόδοτος
1426 2405 1555 2452 δαῖτα
1609 2405 1792 2471 γράφει,

268 2498 363 2527 nna
405 2499 511 2528 cum
551 2483 823 2531 Aristarchi
866 2482 924 2530 de
965 2482 1187 2531 vocabuli
1225 2483 1316 2533 δαίς
1356 2482 1488 2548 apud
1527 2482 1794 2532 Homerum

270 2557 615 2615 observatione,
641 2578 787 2624 quam
821 2561 1050 2625 apposuit
1074 2560 1360 2608 Athenaeus
1385 2566 1436 2608 et
1459 2560 1650 2609 doctius
1671 2567 1796 2610 trac-

272 2634 392 2680 tavit
435 2635 663 2684 Lehrsius
710 2639 760 2684 in
802 2638 925 2686 libro
972 2638 1032 2686 de
1076 2637 1354 2685 Aristarcho
1401 2655 1446 2702 p.
1488 2641 1563 2701 87.
1600 2643 1706 2697 161,
1745 2645 1797 2687 et

273 2726 393 2771 quae
434 2720 546 2759 sunt
584 2713 678 2761 alia
719 2715 999 2763 huiusmodi
1038 2714 1279 2779 exempla,
1319 2732 1528 2779 quorum
1562 2715 1797 2764 nonnulla

275 2790 555 2836 memoravit
582 2790 650 2837 La
677 2791 841 2840 Reche
867 2811 914 2857 p.
941 2798 1017 2841 60.
1080 2791 1152 2839 De
1176 2809 1270 2839 usu
1296 2799 1460 2841 autem
1486 2798 1537 2840 et
1560 2791 1797 2857 significa-

276 2861 406 2908 tione
444 2863 612 2913 horum
656 2869 919 2933 signorum,
958 2867 1136 2933 quibus
1171 2876 1286 2918 ante
1322 2869 1663 2918 Aristarchum
1697 2868 1795 2916 iam

278 2937 553 2987 Zenodctus
593 2954 639 2990 et
680 2946 1030 3010 Aristophanes
1065 2947 1245 3011 partim
1281 2947 1356 2996 usi
1394 2953 1548 3004 erant,
1582 2945 1792 2994 videnda
