2000 3276
684 157 1030 199 PRAEFATIO.
1533 161 1620 201 xvii

90 263 368 328 probaverit
391 262 468 311 vel
499 262 728 311 reiecerit.
802 262 876 310 Ex
908 263 966 309 iis
1002 264 1164 309 autem
1203 278 1329 326 quae
1365 262 1424 310 de
1460 280 1621 312 recen-

90 341 225 388 sione
261 341 365 388 eius
400 346 645 405 comperta
679 340 916 388 habemus
953 340 1046 388 etsi
1082 338 1375 404 intelligitur
1405 340 1620 387 Aristar-

90 417 236 465 chum
271 424 452 466 ceteros
486 417 827 483 grammaticos
870 436 1034 466 omnes
1068 417 1279 482 ingenio,
1317 417 1535 465 doctrina
1570 424 1621 465 et

90 494 310 560 diligenti
333 513 387 543 ac
411 494 578 543 subtili
598 495 831 542 sermonis
856 495 1098 543 Homerici
1118 495 1455 544 observatione
1479 513 1620 560 supe-

89 589 232 630 rasse,
275 572 333 620 de
368 590 464 636 quo
499 571 740 637 praeclare
777 572 901 620 dixit
936 572 1140 620 NVolfius
1175 573 1225 619 in
1262 572 1621 637 Prolegomenis

91 668 137 714 p.
167 665 256 710 245
284 667 387 714 sqq.
421 654 586 697 tamen
620 650 681 698 ab
716 667 855 698 caeca
879 650 1154 697 cavendum
1191 656 1265 697 est
1300 650 1620 699 admiratione

88 726 367 784 Aristarchi,
405 744 502 791 qua
539 744 649 775 eum
696 727 794 774 iam
824 733 1015 775 veteres
1057 727 1281 774 nonnulli
1316 727 1621 791 grammatici

88 811 205 852 sunt
227 805 481 869 prosecuti,
510 805 640 852 inter
676 821 798 868 quos
833 805 1036 852 fuerunt
1070 805 1156 869 qui
1191 823 1302 853 cum
1339 805 1619 852 Aristarcho

87 899 245 930 errare
292 900 439 946 quam
480 899 653 930 verum
695 882 756 930 ab
792 882 902 930 aliis
944 882 1125 930 discere
1163 901 1214 930 se
1250 882 1392 930 malle
1426 883 1620 946 profite-

88 965 269 1017 rentur,
294 967 352 1008 ut
376 959 519 1008 schol.
545 959 607 1008 ad
631 977 674 1021 4,
704 976 795 1020 235
823 960 1018 1025 aliique,
1056 960 1115 1008 de
1151 960 1330 1025 quibus
1360 960 1487 1008 dixit
1511 959 1621 1007 Vi]-

88 1037 304 1086 loisonus
351 1038 403 1085 in
450 1038 639 1103 Proleg.
686 1056 730 1102 p.
756 1039 893 1086 xxix.
957 1038 1086 1086 Nam
1131 1056 1285 1102 quum
1333 1056 1410 1085 ars
1456 1038 1620 1086 critica

87 1122 310 1163 veterum
349 1116 776 1181 grammaticorum
819 1116 1121 1181 temporibus
1160 1116 1378 1163 nondum
1415 1116 1476 1163 ad
1514 1133 1620 1163 eam

89 1193 362 1257 qua'hodie
398 1194 666 1258 gaudemus
697 1193 1038 1258 perfectionem
1072 1193 1281 1241 adducta
1316 1193 1479 1250 fuerit,
1515 1193 1620 1241 fieri

87 1288 184 1317 non
224 1277 417 1335 poterat
454 1271 574 1335 quin
615 1271 927 1319 Aristarchus
971 1288 1166 1335 quoque
1215 1288 1354 1335 saepe
1401 1271 1462 1319 ab
1503 1289 1619 1318 vero

89 1348 331 1396 aberraret
356 1348 406 1395 in
439 1348 689 1412 scripturis
721 1349 938 1396 codicum
963 1348 1042 1396 vel
1066 1348 1339 1396 iudicandis
1363 1348 1441 1396 vel
1466 1348 1619 1413 expli-

87 1425 252 1473 candis
276 1432 327 1473 et
351 1426 693 1474 reconditiores
717 1430 1013 1491 propagatae
1039 1443 1126 1490 per
1149 1425 1334 1474 codices
1353 1426 1618 1491 scripturae

88 1502 381 1568 corruptelas
440 1521 501 1551 ne
559 1503 968 1551 animadverteret
1015 1503 1226 1567 quidem,
1274 1503 1406 1567 quod
1452 1511 1619 1551 nostra

89 1583 247 1626 aetate
270 1578 426 1642 magis
464 1595 610 1642 quam
635 1577 748 1625 olim
774 1584 1128 1642 perspexerunt
1165 1577 1320 1625 critici
1346 1577 1619 1642 intelligen-

88 1655 248 1711 tiores,
285 1655 424 1703 velut
462 1655 692 1703 Lehrsius
732 1655 783 1701 in
829 1654 950 1702 libro
993 1654 1052 1702 de
1100 1654 1379 1702 Aristarcho
1422 1674 1467 1720 p.
1509 1661 1616 1716 348,

89 1733 432 1798 Bernhardyus
467 1733 516 1780 in
553 1733 679 1780 Hist.
719 1732 818 1780 Lit.
856 1732 938 1780 Gr.
965 1731 1057 1779 vol.
1092 1749 1107 1779 1
1141 1749 1187 1796 p.
1222 1749 1311 1793 194
1338 1733 1407 1780 ed.
1435 1739 1540 1781 tert.
1568 1742 1619 1781 et

88 1810 315 1867 Cobetus,
357 1811 438 1875 qui
489 1811 538 1857 in
587 1809 775 1857 duabus
822 1809 1307 1857 commentationibus
1350 1809 1618 1858 Homericis

88 1887 431 1952 Mnemosyncs
468 1905 629 1935 novae
668 1886 906 1934 volumini
947 1886 1156 1934 secundo
1203 1886 1395 1934 insertis
1435 1904 1618 1935 errores

86 1965 358 2014 Aristarchi
381 1983 476 2013 non
501 1982 677 2029 paucos
701 1963 1006 2021 monstravit,
1027 1963 1203 2028 partim
1228 1981 1289 2011 ex
1314 1963 1618 2029 ignoratione

89 2041 283 2091 litterae
325 2043 571 2108 digamma
618 2049 763 2100 ortos,
807 2043 948 2090 cuius
994 2041 1053 2089 de
1096 2060 1190 2089 usu
1235 2042 1287 2088 in
1327 2042 1619 2090 carminibus

89 2120 358 2169 Homericis
417 2120 732 2168 Aristarchus
790 2120 1034 2184 ceterique
1091 2118 1396 2184 grammatici
1454 2137 1617 2167 omnes

87 2197 209 2245 nihil
258 2204 559 2263 compertum
617 2197 908 2245 habuerunt.
1010 2197 1113 2245 Nec
1171 2196 1435 2244 defuerunt
1492 2196 1618 2244 inter

87 2279 275 2323 veteres
299 2275 385 2340 qui
421 2276 480 2323 de
515 2274 798 2323 Aristarcho
823 2275 1010 2322 sobrius
1034 2274 1315 2330 iudicarent,
1344 2274 1471 2321 inter
1496 2292 1617 2338 quos

88 2353 405 2401 clarissimum
457 2361 532 2401 est
581 2352 794 2401 Cratetis
852 2351 1086 2400 Mallotae
1144 2354 1332 2407 nomen,
1381 2351 1467 2415 qui
1525 2352 1618 2399 etsi

89 2448 303 2478 errorum
338 2431 442 2495 ipse
481 2447 676 2495 quoque
700 2448 794 2478 non
826 2429 1069 2486 immunis,
1095 2429 1154 2476 de
1178 2446 1273 2493 quo
1307 2428 1434 2475 dixit
1468 2428 1616 2475 Bern-

89 2507 304 2572 hardyus
338 2509 390 2556 in
424 2508 550 2556 Hist.
589 2508 685 2568 Lit.
722 2508 807 2556 Gr.
832 2507 925 2556 vol.
958 2525 973 2554 1
1005 2525 1050 2571 p.
1085 2523 1173 2568 197
1203 2505 1274 2553 ed.
1305 2510 1426 2561 tert„
1451 2511 1617 2552 tamen

90 2584 360 2632 Aristarchi
383 2586 633 2650 opiniones
662 2604 759 2633 non
793 2603 900 2633 raro
935 2590 1064 2632 recte
1099 2582 1426 2647 impugnavit,
1453 2588 1510 2629 ut
1535 2581 1618 2629 alii

88 2662 393 2726 grammatici
438 2669 700 2719 testantur,
739 2680 862 2727 quos
908 2662 1169 2710 dolendum
1216 2665 1289 2707 est
1334 2676 1394 2706 ex
1440 2677 1617 2708 novem

90 2740 352 2803 διορθώσεως
387 2738 575 2790 Ἰλιάδος
615 2742 682 2786 καὶ
726 2740 982 2789 Ὀδυσσείας·
1027 2738 1164 2786 libris
1206 2736 1420 2785 Cratetis
1463 2754 1616 2800 pauca

89 2823 286 2865 tantum
333 2815 570 2872 attulisse,
617 2834 741 2880 quae
790 2817 983 2880 collegit
1027 2815 1076 2863 O.
1121 2814 1524 2862 Wachsmuthius
1564 2814 1616 2861 in

90 2893 493 2942 commentatione
515 2893 572 2941 de
592 2881 790 2941 Cratete
809 2893 1017 2941 Mallota
1036 2891 1228 2956 Lipsiae
1253 2891 1385 2939 edit-a
1403 2909 1446 2940 a.
1473 2894 1562 2939 186
1576 2909 1613 2950 1,

91 2989 296 3035 quorum
332 2971 560 3036 pleraque
597 2970 658 3018 ad
693 2969 1146 3034 interpretationem
1171 2968 1440 3027 verborum,
1461 2985 1616 3033 pauca

148 3060 240 3088 vor.
262 3061 291 3090 1.
844 3045 870 3086 b
