2000 3276
687 142 1034 183 PRAEFATIO.
1559 139 1631 179 xiii

100 251 159 306 A,
187 266 262 311 99,
293 253 384 308 508
414 247 516 312 <ubi
545 253 781 312 punctum
814 245 1093 311 ponendum
1123 251 1233 309 post
1256 245 1411 307 Ὦρος)
1440 246 1495 300 Δ,
1526 260 1584 303 34
1593 262 1632 304 3,

100 328 147 373 A
180 343 264 374 101
300 327 369 390 (ὡς
395 326 600 372 δείκνυται
638 327 679 369 ἐν
714 327 776 382 τῷ
810 325 908 386 περὶ
947 322 1200 384 συντάξεως,
1226 339 1285 370 ne
1322 322 1488 369 addito
1527 322 1633 385 qui-

98 404 208 452 dem
243 404 436 452 nomine
473 401 753 466 Apollonii),
791 402 849 457 E,
892 417 982 462 219
1025 402 1084 464 (ἐν
1120 404 1184 459 τῷ
1227 401 1325 464 περὶ
1366 401 1634 454 ἆντωνυμιῶν

99 481 322 539 δηλοῦται,
350 482 469 529 item
495 480 596 528 sine
622 478 851 542 nomine).
942 477 1078 525 Conf.
1105 496 1148 525 v.
1170 477 1215 526 d.
1242 476 1304 524 ad
1336 478 1393 533 O,
1432 481 1537 537 138.
1577 478 1632 533 Σ,

60 620 67 626 Ι
103 575 211 618 505.
284 558 527 622 (Fortasse
550 556 646 604 huc
679 556 897 620 pertinet
921 572 1047 602 unus
1073 555 1257 602 alterve
1282 553 1414 602 locus
1450 571 1510 602 ex
1545 553 1634 610 his,

100 639 155 691 Δ,
181 653 292 696 410.
318 636 377 691 E,
410 652 514 695 142.
542 635 591 689 Ζ,
618 651 728 694 411.
756 635 815 689 K,
843 638 919 695 67,
944 648 1053 691 252.
1080 632 1144 688 M,
1169 631 1295 695 204.)
1337 631 1416 680 Sic
1440 631 1636 696 appicta

99 719 217 761 sunt
253 712 493 776 quaedam
530 730 555 760 e
593 711 772 759 Lexico
809 709 1059 774 Apollonii
1094 712 1172 769 (ut
1207 709 1263 765 Β,
1293 726 1399 768 271.
1431 714 1477 765 Γ,
1504 713 1634 771 448),

98 790 335 855 quaedam
383 789 590 846 Orionis,
639 787 960 837 Choerobosci
1010 787 1090 851 (K,
1140 786 1267 851 134),
1310 804 1398 835 nec
1446 803 1635 850 semper

97 868 294 916 nomina
318 874 573 916 auctorum
602 866 780 915 addita.
820 866 899 914 Sic
924 867 979 920 Δ,
1008 866 1069 913 66
1098 865 1297 913 doctum
1322 863 1536 912 scholion
1560 870 1635 911 est

98 945 157 993 de
181 944 387 993 flexione
424 944 848 993 substantivorum
877 944 926 990 in
952 944 1012 1000 ἷῖς,
1040 942 1171 1007 quod
1205 942 1257 989 in
1293 941 1634 1007 Etymologico

97 1040 293 1087 quoque
340 1022 526 1087 legitur
574 1023 624 1087 (s.
674 1021 1008 1086 ὑπερκύδαντας)
1051 1027 1102 1068 et
1141 1020 1273 1084 apud
1316 1019 1633 1067 Eustathium

97 1118 142 1164 p.
168 1117 280 1160 445,
305 1100 434 1147 unde
469 1106 611 1164 patet
646 1098 971 1147 Eustathium
1009 1099 1106 1145 iam
1129 1097 1174 1145 h.
1201 1096 1228 1144 l.
1256 1096 1307 1144 in
1331 1096 1526 1145 scholiis
1562 1096 1633 1143 in-

97 1177 294 1226 venisse.
366 1176 458 1224 Est
481 1176 532 1224 id
562 1176 884 1225 Choerobosci
910 1176 961 1223 in
987 1175 1313 1223 Theodosium
1338 1174 1470 1239 apud
1495 1174 1633 1222 Gais-

97 1255 289 1303 fordum
336 1273 380 1319 p.
437 1270 509 1315 35.
605 1254 735 1302 Sunt
777 1253 871 1301 alia
917 1270 978 1301 ex
1024 1252 1377 1317 Porphyrianis
1425 1256 1631 1316 sumpta,

97 1333 277 1397 partim
302 1332 508 1396 integra,
528 1332 708 1397 partim
731 1331 928 1379 brevem
954 1349 1120 1379 eorum
1139 1347 1379 1378 summam
1403 1329 1633 1377 habentia

101 1411 177 1474 (ut
202 1412 260 1469 T,
288 1410 381 1474 79),
407 1410 501 1457 alia
525 1428 586 1457 ex
611 1409 811 1474 reliquis
835 1409 1041 1457 scholiis.
1114 1408 1300 1456 Contra
1322 1407 1453 1455 haud
1478 1424 1632 1471 pauca

99 1505 160 1535 ex
184 1488 344 1536 codice
370 1488 412 1534 A
436 1487 692 1551 paullatim
720 1487 772 1534 in
795 1486 1005 1550 reliquos
1039 1485 1224 1533 codices
1256 1485 1506 1540 translata,
1534 1484 1630 1531 imo

99 1565 337 1629 quaedam
384 1565 436 1611 in
480 1564 568 1612 hoc
609 1564 767 1612 codice
805 1564 1080 1612 deficientia
1125 1562 1268 1610 hodie
1316 1563 1367 1610 in
1405 1561 1512 1609 aliis
1553 1579 1630 1609 ex-

99 1649 248 1699 stant,
271 1649 330 1691 ut
355 1642 550 1690 omnino
575 1659 636 1689 ex
661 1642 791 1689 omni
815 1641 914 1689 fere
944 1640 1229 1689 scholiorum
1263 1639 1630 1688 Homericorum

97 1737 274 1784 genere
333 1719 596 1784 particulae
650 1719 858 1766 invicem
909 1718 1176 1766 translatae
1231 1724 1282 1764 et
1340 1716 1630 1764 commixtae

99 1797 363 1863 apparent?

166 1874 356 1923 Scholia
386 1874 720 1938 Porphyriana
740 1885 759 1910 g
787 1892 846 1921 ex
878 1875 1132 1930 Ζητήμαο-ιν
1153 1874 1405 1936 Ὁμηρικοῖς
1440 1889 1630 1935 compo-

99 1952 209 2010 sita,
253 1969 379 2017 quae
417 1952 809 2000 numerosissima
850 1958 901 1999 et
944 1951 1228 2016 longissima
1273 1956 1390 1998 sunt
1431 1950 1482 1996 in
1524 1949 1629 1997 aliis

98 2029 340 2079 codicibus
364 2029 599 2094 pluribus,
624 2047 735 2077 rara
759 2033 807 2077 et
831 2029 982 2078 tacito
1019 2029 1200 2094 ubique
1235 2028 1333 2076 fere
1370 2027 1630 2092 Porphyrii

99 2109 291 2156 nomine
337 2107 488 2156 codici
536 2107 729 2155 Veneto
778 2107 821 2154 A
867 2113 984 2155 sunt
1029 2105 1168 2154 illata
1209 2105 1270 2153 ab
1312 2104 1629 2170 grammatico

99 2185 279 2250 aliquo,
317 2202 464 2249 quem
511 2184 827 2232 manifestum
877 2190 953 2232 est
1000 2183 1160 2232 codice
1208 2200 1351 2230 usum
1399 2199 1501 2230 esse
1543 2181 1628 2246 qui

155 2403 173 2427 g
201 2395 260 2432 De
289 2394 441 2432 scholiis
469 2407 517 2431 ex
545 2393 756 2443 Porphyrii
785 2394 987 2440 Ζητὴμασιν,
1013 2406 1111 2442 quae
1141 2393 1281 2430 diserte
1311 2391 1559 2428 nominantur
1588 2389 1628 2426 in

101 2459 252 2497 scholiis
271 2460 318 2496 ad
343 2472 376 2506 2,
401 2462 477 2507 308
495 2462 533 2496 et
549 2472 585 2507 3,
608 2467 703 2507 173‚-
715 2458 756 2495 in
776 2458 851 2496 alia
871 2458 986 2496 huius
1006 2457 1187 2496 editionis
1207 2460 1316 2506 parte
1335 2456 1449 2505 plura
1468 2453 1628 2491 dicenda

102 2527 237 2561 erunt:
269 2524 492 2562 summatim
511 2523 558 2561 de
577 2523 626 2561 iis
646 2523 749 2561 dixit
777 2523 1047 2573 Bernhardyus
1066 2523 1107 2560 in
1128 2523 1232 2560 Hist.
1253 2522 1329 2559 Lit.
1351 2520 1487 2558 Graec.
1507 2519 1581 2557 vol.
1610 2532 1624 2555 1

101 2601 139 2638 p.
162 2601 250 2633 200,
274 2601 345 2625 201
369 2588 423 2625 ed.
446 2593 548 2635 tert„
578 2588 807 2637 explicatius
835 2593 923 2639 post
952 2588 1252 2627 Valckenarium
1281 2587 1321 2623 in
1350 2583 1629 2622 Dissertatione

102 2653 149 2690 de
168 2652 323 2689 scholiis
341 2652 482 2690 codicis
501 2653 701 2691 Leidensis
721 2654 893 2704 aliosque
913 2654 1160 2691 Hermannus
1189 2651 1423 2691 Schraderus
1451 2649 1492 2686 in
1521 2649 1628 2686 scho-

102 2718 243 2755 liorum
262 2716 471 2766 Porphyrii
493 2718 540 2754 ad
568 2717 705 2755 Iliadis
733 2718 979 2767 rhapsodiam
1007 2718 1163 2756 tertiam
1192 2715 1360 2754 editione
1391 2713 1628 2764 (Hamburgi

107 2782 237 2833 1872).
296 2781 482 2819 Diversus
510 2782 558 2819 ab
592 2783 782 2829 Ζητὴμασιν
809 2783 908 2821 liber
935 2783 1014 2820 fuit
1041 2784 1118 2830 περὶ
1143 2786 1209 2818 τῶν
1236 2780 1554 2828 παραλελειμμένων
1580 2783 1627 2828 τῷ

101 2850 222 2893 ποιητῇ
247 2849 427 2894 ὀνομάτων,
459 2846 525 2896 qui
557 2850 792 2884 memoratur
811 2847 852 2884 in
882 2847 1024 2886 scholio
1044 2846 1093 2884 ad
1116 2859 1149 2894 3,
1174 2855 1261 2893 250,
1283 2849 1321 2883 et
1340 2844 1493 2882 brevius
1521 2844 1569 2882 ad
1594 2857 1626 2893 3,

105 2923 182 2959 314
203 2913 403 2960 Πορφῦριος
421 2913 456 2948 ἐν
474 2915 542 2949 τοῖς
560 2914 882 2959 παραλελειμμένοις
901 2911 1145 2961 (Simpliciter
1165 2911 1364 2959 Πορφύριος
1392 2909 1441 2947 ad
1472 2922 1504 2958 3,
1533 2909 1627 2960 325)

105 2976 150 3013 de
171 2989 247 3026 quo
267 2977 368 3014 dixit
389 2976 622 3015 Schraderus
644 2989 679 3024 p.
707 2989 735 3013 1.
